3894 5708
1602 340 1666 406 209

177 512 254 600 Syri
280 515 372 582 1101101
398 518 615 583 nominarunt.
653 519 781 604 quidam
807 525 913 584 autem
941 519 1062 595 dicunt,
1094 519 1177 601 quod
1205 521 1244 584 de
1271 525 1383 602 stagno
1410 517 1508 583 filiam
1535 519 1667 585 Veneris

178 623 359 702 salvaverit,
386 625 470 690 uude
497 645 596 708 usque
622 626 714 691 lodie
740 624 817 709 Syri
838 628 942 707 pisces
969 630 1133 708 arquateos
1163 627 1199 690 iu
1232 626 1344 706 templo
1371 632 1586 692 sacraverunt.
1620 632 1668 693 est

178 739 284 796 autem
311 732 434 815 signum
461 734 494 798 11
520 740 611 817 parte
638 734 784 810 australi,
816 735 900 816 quod
932 734 1070 817 piscibus
1098 732 1272 799 orientibus
1300 734 1409 817 oritur.
1441 755 1532 818 quera
1559 735 1669 800 dicarat

177 838 322 921 Aquarii
343 859 445 905 urnae
467 840 651 920 effusionem
673 841 782 906 bibe-re.

223 944 376 1011 Similiter
394 947 449 1029 qui
472 947 505 1011 in
524 946 714 1013 Strozzianis
737 948 886 1032 leguntur
909 948 1072 1013 stellarum
1094 947 1240 1031 catalogi,
1264 949 1356 1014 modo
1380 970 1418 1012 ex
1436 947 1668 1014 Basileensibus
1752 950 1756 963 '

134 1053 227 1118 modo
251 1075 288 1118 ex
311 1052 632 1137 Sangermanensibns
655 1056 748 1120 modo
772 1078 809 1120 ex
831 1057 974 1137 utrisque
993 1054 1098 1120 hausti
1118 1062 1198 1120 sunt.
1231 1077 1332 1138 neque
1351 1061 1456 1121 tamen
1474 1055 1669 1120 reticendum

135 1167 183 1226 est
205 1161 357 1227 nonnulla
379 1163 412 1224 in
436 1162 480 1227 eis
503 1163 615 1238 inesse,
638 1184 718 1247 quae
742 1184 842 1247 neque
866 1185 904 1227 ex
921 1162 1154 1227 Basileensibus
1172 1184 1272 1246 neque
1291 1184 1330 1227 cx
1348 1161 1669 1246 sangermanensibus

135 1270 321 1353 deprompta
348 1289 415 1334 esse
442 1271 577 1354 possint,
604 1277 715 1335 contra
741 1272 855 1335 mirum
882 1271 915 1333 in
943 1271 1071 1334 modum
1099 1291 1169 1335 cum
1196 1269 1341 1353 Epitome
1373 1271 1572 1335 consentiant
1599 1291 1624 1332 v.
1644 1291 1668 1335 0

134 1398 163 1459 p.
190 1376 262 1452 138,
280 1376 334 1441 3s.
363 1376 449 1462 (vide
476 1398 572 1460 supra
598 1399 627 1460 p.
653 1377 725 1455 115,
745 1376 923 1463 26-33),
950 1377 1131 1461 p.140,11
1162 1376 1218 1440 sub
1245 1397 1327 1441 sorta
1360 1376 1400 1463 (v.
1419 1399 1442 1441 s.
1460 1399 1490 1460 p.
1512 1378 1583 1454 118,
1602 1376 1669 1461 21),

135 1505 164 1566 p.
186 1483 296 1560 148,1
325 1484 487 1565 incapite
511 1484 537 1548 I
557 1484 852 1571 (10111321),
879 1484 950 1549 alia
997 1483 1075 1549 haec
1106 1485 1190 1548 unde
1220 1485 1322 1567 petita
1353 1484 1430 1562 sint,
1461 1505 1589 1567 prorsus
1620 1504 1669 1547 mc

135 1592 254 1656 nescire
277 1591 388 1657 fateor.
775 1600 777 1602 ’

223 1696 334 1781 Neque
357 1704 462 1763 tamen
485 1699 521 1775 is,
543 1697 597 1783 qui
620 1697 740 1763 scholia
762 1696 945 1763 Strozziane
967 1698 1151 1781 composuit,
1174 1697 1241 1780 ipso
1265 1696 1438 1763 Basileensi
1460 1704 1517 1763 aut
1535 1696 1669 1781 Sangar-

136 1807 276 1871 mauensi
308 1827 382 1870 usus
415 1812 475 1881 est,
511 1807 567 1870 sed
603 1804 708 1889 potius
745 1805 908 1888 utriusque
943 1805 1123 1888 archetypo.
1169 1826 1242 1870 nam
1274 1805 1443 1888 aliquando
1474 1826 1536 1870 non
1569 1804 1670 1870 solnm

136 1913 281 1988 rectiora,
304 1912 359 1978 sed
382 1912 478 1976 etiam
495 1911 669 1994 integriora
688 1916 720 1976 01
737 1911 885 1976 uberiora
903 1912 1043 1994 praebet,
1066 1933 1160 1995 quam
1178 1911 1382 1988 Basileensis;
1405 1912 1491 1977 velut
1508 1935 1537 1996 p.
1557 1911 1608 1987 86,
1628 1909 1667 1973 21

137 2018 296 2106 (adscribo
319 2018 450 2102 paginas
474 2018 566 2083 liuius
585 2018 673 2105 libri)
697 2020 794 2084 verba
815 2039 899 2084 utrius
916 2039 1039 2095 sottum,
1062 2041 1091 2102 p.
1112 2019 1163 2095 88,
1181 2019 1201 2082 3
1225 2019 1261 2082 iu
1283 2019 1392 2082 eodeni
1413 2040 1511 2083 uratia
1537 2018 1561 2081 I
1578 2019 1670 2083 omit-

136 2133 208 2192 tunt
234 2126 296 2203 BP,
325 2125 422 2190 habet
444 2124 474 2192 8.
503 2127 616 2190 deinde
645 2147 750 2191 veram
777 2126 944 2191 lectionem
967 2125 1002 2203 S,
1029 2133 1209 2209 corruptam
1234 2125 1286 2190 BP
1314 2125 1444 2201 habent,
1471 2133 1507 2189 ut
1535 2146 1573 2189 ex
1599 2147 1671 2209 per·

136 2233 243 2297 multis
280 2233 430 2316 exemplis
466 2254 568 2317 pauca
604 2233 737 2317 elegam,
773 2232 859 2298 hisco
896 2234 986 2298 locis:
1023 2255 1052 2316 p.
1082 2232 1179 2308 12,9
1218 2232 1254 2296 05
1286 2233 1353 2297 eius
1389 2231 1613 2313 loquacitatem
1640 2230 1669 2295 S.

137 2340 177 2403 ab
203 2338 271 2402 cius
298 2337 489 2419 loquacitate
516 2341 551 2417 B,
578 2345 607 2405 et
635 2340 675 2404 ab
702 2340 731 2404 ei
757 2339 951 2420 loquacitate
973 2341 1006 2417 P,
1034 2363 1063 2423 p.
1084 2340 1135 2415 88,
1154 2339 1196 2403 22
1223 2341 1371 2404 contrivit
1394 2339 1423 2404 8.
1446 2337 1671 2404 contribulavit

136 2446 198 2524 BP,
225 2469 255 2530 p.
282 2447 335 2523 90,
364 2447 404 2513 18
431 2448 594 2512 inuudata
622 2447 651 2513 8,
680 2448 841 2512 1011011010
867 2448 930 2524 BP,
957 2471 986 2531 p.
1018 2448 1090 2523 146,
1120 2449 1153 2511 11
1187 2467 1293 2527 aquae
1320 2447 1349 2511 8.
1378 2469 1459 2528 quiae
1486 2447 1521 2523 B,
1549 2467 1614 2528 qua
1637 2444 1672 2522 P,

136 2576 165 2639 p.
192 2555 264 2631 148,
287 2555 307 2618 9
339 2555 376 2618 iu
404 2554 468 2618 Ida
495 2559 645 2634 utrosque
671 2556 810 2619 iarctritos
837 2553 868 2619 8.
895 2556 932 2618 ia
958 2555 1182 2635 rirlaustrosque
1204 2554 1376 2618 auariteros
1399 2554 1460 2630 BP,
1482 2575 1512 2636 p.
1539 2552 1671 2628 15810

137 2659 304 2741 Neptunus
327 2659 358 2725 S.
381 2661 482 2724 uittas
504 2662 568 2738 ΒΡ,Ι
588 2685 617 2744 p.
640 2661 772 2734 15813
794 2660 977 2725 Atlantidis
999 2659 1029 2725 8.
1046 2659 1214 2740 plantidcs
1234 2659 1295 2723 BP.
1319 2681 1420 2743 neque
1443 2661 1542 2742 magis
1566 2658 1671 2725 Strou-

138 2768 299 2831 zianornm
326 2770 447 2833 auctori
474 2769 556 2833 liber
583 2768 861 2850 Sangermanensis
888 2774 1015 2850 praesto
1042 2766 1138 2831 fuisse
1165 2772 1283 2850 potcst;
1314 2788 1388 2831 riam
1415 2768 1529 2832 desunt
1558 2768 1590 2830 in
1617 2766 1672 2832 1110

137 2874 212 2938 inde
239 2896 258 2938 a
284 2873 368 2959 Lyra
395 2876 556 2940 stellarum
583 2874 732 2958 catalogi,
760 2875 814 2958 qni
841 2876 874 2938 in
903 2874 1084 2939 Strouziano
1107 2873 1254 2956 leguntur
1281 2879 1313 2938 et
1335 2895 1355 2938 a
1377 2874 1549 2939 Basileensi
1573 2879 1605 2937 et
1631 2872 1672 2937 ab

137 2980 283 3065 Epitome
316 2982 444 3057 diversi,
475 2983 521 3046 ita
549 2989 585 3047 ut
613 3003 666 3047 000
694 3004 733 3046 ox
760 2980 1076 3064 Sangerrnanensium
1107 2980 1279 3064 archetypo
1311 2982 1484 3064 descriptos
1512 3002 1579 3046 esse
1610 3003 1672 3046 non

137 3089 205 3154 sine
227 3088 451 3172 probabilitate
470 3089 611 3154 conicere
634 3089 712 3153 mibi
734 3090 850 3153 videar.
875 3111 972 3171 quare
997 3089 1028 3154 in
1052 3088 1249 3172 Fragmentis
1272 3088 1469 3153 recensendis
1491 3088 1672 3153 Strozziauo

137 3196 179 3260 ad
212 3196 294 3261 hunc
325 3194 602 3279 Sangermanensis
634 3194 791 3260 defectum
823 3194 1010 3279 explendum
1042 3196 1089 3259 uti
1120 3217 1183 3260 non
1215 3193 1366 3258 dubitavi.
1407 3196 1513 3279 itaque
1546 3193 1572 3258 si
1599 3191 1673 3257 libri

138 3302 416 3387 sangermanensis
447 3303 652 3389 archetypum
678 3326 711 3387 γ,
743 3303 930 3368 Basileensis
957 3306 987 3384 β,
1019 3302 1192 3367 Strozziani
1221 3317 1240 3365 σ
1268 3321 1426 3378 vocamus,
1457 3323 1520 3385 qua
1551 3302 1673 3368 ratione

138 3410 262 3476 codices
284 3412 367 3476 inter
390 3431 424 3475 se
446 3410 643 3488 cohaereant,
666 3431 705 3475 ex
727 3410 787 3476 hac
809 3409 919 3475 tabula
940 3411 1087 3493 adparet:

885 4062 941 4225 sp
1073 4148 1078 4157 ·

831 4198 882 4406 t
941 4228 992 4407 1.

140 4500 222 4562 quae
250 4500 319 4542 cum
345 4479 392 4542 ita
418 4480 495 4558 sint,
525 4478 656 4562 cogitari
685 4477 811 4562 quidem
838 4483 1005 4561 potestat
1032 4479 1239 4560 posteriorum
1267 4477 1406 4541 siderum
1432 4475 1603 4560 catalogos,
1630 4476 1678 4540 ita

139 4584 206 4650 alia
228 4607 365 4669 quoqne,
392 4607 472 4668 quae
499 4587 532 4649 in
554 4609 573 4669 γ
597 4584 760 4661 extabant,
783 4586 887 4669 capita
910 4586 943 4648 in
967 4584 995 4649 G
1018 4585 1145 4657 omissa,
1172 4585 1205 4648 in
1228 4583 1249 4649 8
1273 4589 1396 4648 servata
1419 4602 1499 4660 esse3
1523 4582 1609 4646 velut
1632 4602 1677 4658 ea,

140 4713 223 4774 qnae
246 4715 284 4756 cx
307 4692 473 4776 Fulgentio
496 4692 526 4755 II
549 4692 587 4755 19
612 4699 644 4757 01
668 4691 788 4757 Isidoro
811 4693 851 4757 de
874 4713 933 4756 rer.
953 4696 1015 4755 nat.
1034 4690 1237 4755 XXXVIIII
1265 4691 1422 4773 descripta
1440 4689 1473 4754 iu
1491 4688 1512 4754 8
1532 4689 1679 4771 leguntur

141 4799 196 4885 (cf.
217 4820 312 4882 snpra
335 4822 362 4882 p.
384 4800 448 4863 206
471 4798 578 4863 XVIII
598 4804 630 4863 et
647 4798 748 4883 XXI),
771 4799 907 4881 perbene
930 4798 963 4862 in
985 4821 1005 4882 γ
1028 4798 1169 4862 extitisse
1192 4803 1330 4880 possunt,
1353 4796 1538 4881 praesertim
1558 4817 1628 4860 cum
1647 4803 1679 4860 et

141 4905 208 4972 alia
230 4908 329 4970 multa
356 4906 484 4971 scholiis
507 4904 827 4990 Sangermanensibus
851 4928 919 4972 cum
944 4906 1065 4971 Isidoro
1089 4906 1265 4970 communia
1287 4926 1353 4970 esse
1376 4911 1485 4988 utpote
1508 4925 1546 4969 ex
1569 4903 1678 4969 eodem

1432 5012 1465 5067 14
