3894 5708
324 394 355 478 ,6

334 574 390 639 sed
412 575 564 640 monitum
583 573 653 639 volo
676 573 833 651 lectorem,
856 580 933 660 quot
951 572 1134 639 historiolae
1152 573 1192 639 de
1215 573 1421 640 formosarum
1442 571 1616 658 puellarum
1635 591 1740 636 amore
1763 571 1865 655 aegri·

333 681 442 746 tudine
473 682 612 765 pernicie
642 681 737 747 Lesbi
768 682 966 764 potissimum
997 680 1197 746 circumlatae
1228 680 1298 747 sint.
1354 680 1487 746 Enalum
1518 687 1551 744 et
1582 678 1737 744 Sminthei
1768 677 1866 742 filiam

333 787 429 872 (l'lut.
449 810 534 853 conv.
558 788 618 853 VII
642 811 706 873 sap.
728 812 759 873 p,
781 789 843 853 163
862 789 897 853 B.
934 790 974 853 de
998 789 1113 854 sollert.
1132 790 1248 853 animal
1271 812 1300 873 p,
1319 789 1384 854 984
1403 787 1439 852 E.
1475 787 1590 852 Athen.
1608 785 1654 850 XI
1676 808 1705 869 p.
1726 785 1790 851 780
1808 784 1866 871 C),

332 894 500 960 Hellenida
527 902 559 960 et
585 895 739 962 Lamaxin
761 895 929 982 (Agathias
956 898 990 960 in
1017 896 1112 961 Anth.
1136 896 1201 960 Pal.
1225 896 1285 961 Vll
1308 896 1387 983 614)
1417 896 1517 978 digitu
1544 893 1698 959 indicasse
1720 897 1770 957 sat
1797 893 1866 957 crit

333 1007 427 1085 atque
453 1023 550 1066 unum
572 1007 661 1068 certe
689 1025 727 1067 ex
758 1003 797 1068 iis
830 1004 884 1087 qui
912 1002 1096 1068 Lesbiorum
1128 1002 1251 1067 fabulas
1284 1003 1452 1068 amatorias
1484 1001 1677 1085 conlegerint
1704 998 1867 1083 Myrtilum

333 1107 587 1192 Methymnaeam
604 1131 625 1173 a
642 1109 936 1175 Catasterismorum
959 1117 1085 1175 auctore
1109 1110 1225 1175 lectum
1244 1131 1311 1175 esse
1333 1116 1444 1194 postea
1461 1108 1642 1174 videbimus.
1678 1107 1741 1171 iam
1759 1113 1867 1183 restat,

333 1222 370 1279 ut
396 1217 620 1293 examinemus,
652 1239 726 1281 amn
754 1239 834 1300 quae
862 1217 901 1282 de
929 1218 1079 1283 Berenice
1107 1217 1249 1301 Hyginus
1280 1223 1390 1285 narrat
1418 1239 1456 1282 ex
1483 1214 1714 1281 Catasterismis
1740 1212 1867 1278 fluxisse

332 1323 461 1404 possint.
507 1324 603 1408 quod,
630 1324 657 1388 si
679 1346 714 1388 ro
736 1345 811 1389 vora
833 1324 1051 1390 Eratosthenis
1079 1330 1151 1389 sunt
1174 1325 1403 1402 Catnsterismi,
1431 1322 1515 1388 nullo
1542 1323 1635 1387 modo
1658 1320 1727 1386 fieri
1754 1327 1867 1405 potest

333 1451 435 1513 neque
466 1431 550 1494 enim
580 1430 633 1495 ille
660 1431 700 1495 de
728 1431 891 1496 Berenices
923 1431 1108 1515 parentibus
1138 1438 1205 1496 tam
1237 1432 1362 1516 egregie
1394 1431 1491 1497 falsus
1518 1436 1613 1495 esset:
1638 1451 1718 1493 nam
1746 1427 1868 1512 Magea,

335 1535 525 1621 Cyrenarum
548 1538 640 1620 regis,
663 1559 725 1602 non
749 1544 784 1603 ut
806 1538 948 1622 Hyginus
972 1538 1060 1616 dicit,
1083 1538 1255 1603 Ptolemaei
1276 1537 1342 1604 filia
1365 1537 1425 1603 fuit
1447 1538 1597 1602 Berenice
1615 1527 1789 1619 Εὐεργὲτις
1810 1555 1869 1599 nec

334 1644 456 1731 soror⁸)
479 1645 584 1709 mariti
607 1645 664 1722 sui,
688 1645 743 1710 sed
766 1645 872 1729 patrui
893 1644 968 1710 filia
1013 1652 1048 1710 at
1070 1645 1123 1709 hic
1145 1667 1232 1711 error
1254 1645 1295 1711 ab
1318 1646 1386 1729 ipso
1406 1645 1539 1729 Hygino,
1566 1644 1621 1727 qui
1643 1643 1767 1726 saepius
1790 1663 1868 1706 non·

334 1750 421 1814 nulla
448 1751 488 1815 de
515 1751 579 1816 suis
602 1751 719 1817 addere
747 1751 839 1829 solet,
867 1752 1048 1817 commissus
1076 1773 1143 1818 esse
1170 1759 1283 1836 potest.
1330 1754 1384 1818 sed
1412 1752 1492 1816 nihil
1519 1752 1601 1817 inest
1628 1751 1660 1815 in
1688 1750 1869 1816 narratione

334 1859 419 1941 quod
446 1879 509 1923 non
537 1879 575 1922 ex
598 1858 780 1923 Callimachi
805 1859 905 1943 elegia
932 1881 1012 1943 quae
1034 1855 1207 1944 πλόκαμος
1230 1859 1409 1946 Βερενίκης
1431 1858 1675 1934 inscribebatur,
1702 1857 1796 1921 immo
1820 1856 1867 1921 vel

335 1986 373 2028 ex
397 1964 512 2030 Catulli
535 1965 678 2030 versione
701 1966 773 2031 sciri
795 1968 942 2050 potuerit.
979 1989 1043 2050 qua
1065 1989 1099 2031 re
1122 1989 1193 2031 cum
1211 1967 1252 2031 ad
1271 1967 1511 2032 Catusterismos
1530 1967 1633 2031 redire
1656 1966 1738 2030 hanc
1756 1963 1869 2046 capitis

334 2076 457 2156 partem
483 2073 576 2136 certis
603 2072 795 2157 argumentis
822 2074 1031 2139 demonstrari
1059 2079 1207 2158 nequeat,
1239 2075 1322 2139 inter
1349 2075 1453 2157 operis
1484 2073 1568 2138 illius
1596 2072 1773 2155 fragmenta
1800 2092 1869 2134 earn

336 2179 474 2262 recipere
496 2180 592 2244 nolui,

425 2285 539 2362 Verba,
562 2308 642 2369 quae
665 2287 724 2352 sub
748 2287 792 2352 VI
815 2288 920 2372 posui,
943 2290 969 2354 si
993 2290 1032 2353 de
1055 2288 1189 2354 lectione
1211 2293 1378 2364 constaret,
1406 2287 1438 2350 in
1461 2284 1693 2351 Catasterismis
1715 2286 1807 2371 plura
1829 2285 1869 2348 de

336 2393 437 2458 lacteo
469 2393 586 2458 circulo
619 2395 761 2477 exposita
792 2417 860 2461 esse
897 2417 990 2480 quarn
1023 2417 1103 2478 quae
1135 2397 1167 2459 in
1200 2395 1344 2480 Epitome
1374 2395 1505 2477 legimus
1536 2393 1716 2477 probarent.
1771 2397 1805 2456 at
1837 2392 1870 2455 in

339 2501 454 2584 Hygini
474 2501 634 2567 codicibus
647 2502 815 2585 Baginensi
834 2507 867 2567 et
880 2502 1154 2587 Montepessulano
1169 2503 1323 2568 Bursiano
1343 2508 1423 2567 teste
1441 2501 1519 2566 haec
1532 2500 1628 2566 verba
1646 2501 1692 2564 ita
1709 2499 1870 2582 leguntur:

335 2607 561 2672 Eratosthenes
588 2610 671 2673 caira
698 2609 776 2674 dicit
802 2610 837 2674 ia
864 2610 1026 2674 Mercurio
1049 2631 1072 2674 e.
1094 2632 1123 2693 q.
1143 2629 1167 2673 s.
1214 2611 1320 2694 itaque
1348 2610 1375 2674 si
1402 2631 1436 2674 re
1463 2629 1537 2673 vera
1563 2606 1716 2673 librorum
1744 2606 1871 2671 illorum
1906 2622 1910 2628 '

336 2719 426 2779 tanta
449 2722 496 2781 est
519 2719 689 2781 auctoritas
714 2722 832 2800 quanta
854 2718 978 2782 videtur
996 2718 1150 2782 Bursiano
1173 2717 1250 2782 haec
1272 2718 1314 2782 ad
1333 2716 1524 2781 Mercurium
1548 2736 1672 2780 carmen
1695 2714 1874 2791 referenda,

337 2843 356 2885 a
375 2821 607 2888 Catasterismis
626 2829 732 2888 autem
751 2824 854 2888 aliena
872 2825 993 2910 sunt39)
1017 2825 1134 2890 namsi
1154 2824 1371 2889 Eratosthenis
1389 2823 1517 2888 suerunt
1535 2822 1760 2897 Catasterismi,
1781 2820 1872 2883 illum

338 2950 428 2992 sunm
452 2930 548 3013 ipsius
571 2953 696 2995 carmen
720 2931 890 2997 testimonii
914 2934 1015 2996 instar
1037 2932 1182 2997 attuhssc
1204 2953 1331 3016 prorsus
1354 2930 1538 2995 incredibile
1561 2935 1621 3006 est;
1644 2951 1745 3012 neque
1769 2927 1872 2991 credi-

337 3035 442 3113 bilius,
464 3038 490 3100 si
514 3037 594 3101 liber
616 3059 729 3104 nomen
753 3039 890 3104 auctoris
912 3039 1073 3117 mentitur,
1095 3039 1156 3104 hoc
1178 3062 1198 3103 a
1219 3038 1347 3104 falsario
1370 3037 1488 3103 factum
1516 3058 1591 3102 esso.
1637 3036 1780 3120 equidem
1804 3056 1872 3098 rem

339 3145 370 3207 in
397 3145 500 3209 medio
528 3144 704 3229 rchnquerc
732 3146 827 3221 malo;
859 3167 931 3210 nam
958 3166 1147 3234 quamquam
1174 3147 1250 3210 mihi
1284 3147 1333 3211 vel
1358 3145 1542 3229 Baginensis
1574 3141 1873 3226 interpolationibus

338 3273 444 3315 carcre
466 3252 593 3316 minime
612 3253 746 3330 videtur,
770 3254 848 3318 certi
871 3253 992 3336 aliquid
1016 3251 1183 3318 adfirmare
1200 3276 1264 3319 non
1282 3252 1391 3329 ababa,
1414 3274 1484 3317 curn
1506 3252 1674 3317 nemodum
1696 3249 1873 3314 accuratius

340 3358 372 3419 in
396 3357 512 3441 Hygini
534 3359 633 3424 libros
655 3381 749 3424 manu
773 3361 906 3444 scriptos
929 3361 1135 3444 inquisiverit.

426 3464 558 3528 Versum
586 3487 677 3548 (quern
705 3466 762 3531 sub
791 3467 805 3531 Ι
832 3468 984 3551 adscripsi
1011 3472 1108 3544 recte,
1134 3468 1194 3532 nisi
1219 3468 1324 3531 omnia
1346 3465 1468 3542 fallunt,
1491 3466 1531 3533 ad
1555 3466 1725 3548 Erigonam
1747 3461 1874 3526 rettulit

338 3569 477 3634 Hillerns
500 3572 518 3634 l.
542 3572 561 3636 l.
589 3595 618 3655 p.
645 3573 719 3648 1053
747 3595 937 3660 quamquam
964 3575 1048 3639 enim
1074 3575 1158 3639 inter
1181 3574 1475 3639 Catasterismorum
1497 3572 1674 3655 fragmenta
1697 3577 1730 3635 et
1751 3568 1873 3633 Musaei

338 3682 370 3740 ct
389 3677 517 3747 Hesiodi
536 3700 642 3743 versus
665 3681 705 3744 ad
725 3681 852 3744 verbnm
872 3681 1043 3765 exscriptos
1066 3681 1249 3757 invenimus,
1272 3688 1376 3745 tamon
1397 3680 1615 3745 Eratosthenis
1632 3699 1739 3743 versus
1762 3677 1794 3740 in
1817 3675 1874 3740 illo

339 3804 433 3866 opere
456 3785 596 3851 extitisse
619 3807 682 3850 non
705 3787 804 3870 magis
827 3788 976 3853 credibile
1000 3795 1057 3865 est,
1084 3811 1178 3873 quam
1201 3788 1381 3852 historiolae
1404 3809 1442 3852 ex
1465 3788 1549 3851 illius
1571 3785 1761 3856 seminibus
1783 3805 1875 3866 repe-

338 3890 414 3955 titas
437 3890 541 3967 luisse,
564 3913 626 3976 qua
648 3892 687 3957 de
710 3914 744 3958 re
767 3896 859 3960 modo
883 3896 980 3960 locuti
1003 3917 1116 3960 sumus.
1164 3896 1270 3979 itaque
1296 3895 1379 3959 bunc
1402 3916 1524 3958 versum
1550 3916 1614 3957 una
1641 3891 1774 3956 fortasse
1802 3912 1874 3954 cum

339 3998 545 4078 praecedente
572 3999 738 4064 historiola
764 4001 891 4066 aliunde
917 4003 1051 4085 petitum
1075 4023 1142 4066 esse
1166 4004 1298 4085 adparet
1321 4023 1421 4085 neque
1445 4007 1493 4065 est
1516 4023 1571 4065 cur
1594 3999 1751 4084 Hyginum
1775 3998 1875 4080 ipsam

339 4103 509 4187 Erigonam
533 4106 644 4188 legisse
662 4129 819 4190 negemus,
838 4110 923 4193 quod
941 4131 1066 4174 carmen
1084 4109 1193 4192 primis
1211 4131 1240 4191 p.
1261 4108 1332 4173 Chr.
1351 4108 1484 4173 saeculis
1501 4107 1640 4171 nondum
1658 4105 1874 4170 oblitteratum

430 4444 451 4508 ⁸)
468 4443 557 4498 Huius
585 4445 685 4499 erroris
713 4446 814 4515 duplex
844 4445 919 4514 origo
944 4447 1058 4516 cogitari
1081 4455 1184 4517 potest;
1213 4453 1261 4503 aut
1284 4445 1357 4501 enim
1380 4444 1498 4515 scriptor
1520 4444 1672 4500 Berenicen
1696 4445 1874 4516 Cyrenaicum

341 4549 401 4585 cnm
426 4532 559 4587 Berenice
584 4535 735 4589 Ptolemaei
759 4533 936 4604 Philadelphi
959 4536 1031 4601 filia,
1054 4537 1185 4592 Antiochi
1209 4537 1322 4592 secundi
1346 4553 1430 4590 uxore
1454 4535 1576 4589 confudit
1599 4543 1647 4589 aut
1670 4536 1771 4589 Catulli
1795 4553 1820 4591 r.
1839 4537 1875 4589 ΙΙ

340 4621 387 4674 scd
405 4621 505 4687 fratrea
522 4623 607 4688 flebile
626 4623 774 4677 descidium
792 4626 865 4679 male
884 4624 1030 4680 intellexit.

430 4711 450 4775 ⁹)
469 4712 545 4765 Ilaec
565 4719 608 4766 est
626 4713 727 4767 lIillcri
746 4713 884 4768 sententia
902 4714 919 4767 l.
939 4715 957 4768 l.
977 4733 1003 4784 p.
1024 4717 1053 4783 ῖς
1081 4723 1202 4770 ceterum
1227 4733 1288 4770 cnm
1307 4713 1432 4786 Hyginus
1454 4721 1566 4784 practer
1584 4711 1773 4769 Eratosthenis
1793 4715 1873 4770 Cata·

341 4799 480 4854 sterismos
503 4801 586 4854 aliurn
607 4819 714 4871 qnoque
738 4802 851 4869 librum,
876 4802 903 4856 in
924 4821 976 4871 quo
994 4803 1106 4859 fabulae
1125 4807 1161 4860 ad
1180 4805 1272 4860 sidera
1291 4811 1448 4874 spectantes
1467 4810 1613 4858 enarratae
1632 4813 1723 4870 erant,
1743 4804 1874 4873 compila-

342 4889 412 4943 verit
430 4889 474 4955 (οἵ.
493 4889 583 4960 Epiro.
604 4892 653 4955 Il),
678 4891 747 4946 nihil
773 4893 877 4959 obstat,
903 4893 1045 4962 quominus
1069 4911 1102 4949 ca
1126 4911 1196 4964 quae
1219 4912 1252 4949 cx
1273 4892 1465 4949 Eratosthenis
1488 4893 1654 4948 carminibus
1678 4893 1769 4948 adfert
1795 4892 1874 4950 illinc

341 4978 453 5035 flrvxissc
472 4987 607 5050 putemus,
626 4980 680 5036 nisi
699 4980 770 5036 sorte
790 4981 850 5053 ipso
869 4990 897 5038 et
916 4983 1084 5041 Mercurium
1103 4991 1132 5041 ct
1150 4984 1286 5056 Erigonen
1307 4984 1382 5055 legit.
