3894 5708
197 337 260 400 246

196 515 280 578 idem
312 515 343 577 in
373 514 521 579 Orionem
552 513 664 577 cadere
696 513 774 576 mihi
802 513 929 595 quidem
958 513 1077 576 dudum
1104 532 1288 595 persuasum
1316 518 1376 587 est3
1408 513 1496 577 cuius
1522 532 1636 577 nomen
1662 518 1739 576 utut

196 620 415 703 explicandum
443 625 503 695 est,
536 620 569 683 id
601 626 686 684 certe
713 619 792 683 mibi
824 621 901 684 satis
930 618 1126 703 exploratum
1155 639 1222 683 esse
1249 620 1373 684 videtur
1401 618 1524 685 fabulas
1551 620 1590 684 de
1618 620 1739 684 Orione

196 730 283 813 prius
309 727 433 792 narrari
461 748 524 791 non
550 729 704 811 potuisse,
731 748 826 810 quam
853 727 940 792 sidus
964 727 1169 791 constitutum
1198 733 1230 792 et
1258 728 1454 791 nominatum
1481 734 1572 792 esset.
1614 732 1740 792 restant

196 835 411 911 Andromeda,
438 834 571 900 Perseus
598 856 738 918 quaeque
766 857 837 899 cum
864 837 909 899 eis
937 835 1104 900 coniuncta
1131 840 1204 900 sunt
1231 835 1348 911 sidera,
1375 856 1395 899 a
1421 834 1536 917 quibus
1562 839 1631 899 tota
1657 833 1741 898 haec

197 942 420 1024 disputationis
447 948 574 1007 nostrae
602 963 675 1024 pars
697 941 839 1024 profecta
862 946 918 1006 est.
950 949 1045 1024 atque
1069 943 1139 1025 quis
1162 942 1333 1006 crediderit
1355 942 1447 1007 unius
1469 947 1582 1025 poetae
1605 941 1740 1023 eiusque

196 1049 291 1114 hodie
314 1070 442 1132 prorsus
470 1048 645 1114 oblitterati
668 1051 889 1113 auctoritatem
912 1055 1037 1113 tantum
1060 1049 1207 1126 valuisse,
1229 1056 1266 1113 ut
1288 1049 1338 1114 his
1361 1049 1518 1114 sideribus
1541 1055 1597 1113 aut
1619 1049 1741 1132 ignotis

196 1162 291 1221 antea
319 1162 375 1221 aut
403 1162 487 1221 certe
515 1157 608 1222 ahter
636 1157 845 1221 denominatis
872 1157 950 1222 baec
973 1159 1101 1250 nomina
1124 1157 1260 1234 inderet,
1287 1179 1368 1241 quae
1395 1157 1469 1222 iude
1491 1156 1532 1220 ab
1555 1156 1610 1219 illa
1631 1161 1742 1219 aetate

197 1263 264 1329 sola
287 1262 512 1327 obtinuerunt?
545 1264 657 1327 iterum
678 1273 772 1347 atque
791 1265 906 1327 iterum
924 1265 1114 1328 mouendum
1133 1270 1181 1329 est
1202 1264 1286 1328 idern
1303 1270 1469 1347 praeterea
1487 1264 1520 1328 in
1538 1284 1600 1326 uno
1619 1263 1741 1329 Orione

197 1371 356 1436 accidisse.
389 1393 490 1456 neque
518 1377 624 1436 tamen
656 1370 836 1437 credibilius
869 1378 917 1435 est
949 1372 1011 1435 iam
1044 1372 1154 1454 quinto
1187 1378 1243 1436 aut
1275 1371 1323 1437 vel
1355 1376 1445 1436 sexto
1477 1370 1600 1435 saeculo
1627 1372 1742 1455 populi

196 1480 302 1562 graeci
330 1480 490 1562 ingenium
517 1477 564 1541 ita
590 1478 715 1554 lusisse,
743 1485 779 1542 ut
801 1500 819 1542 e
842 1479 999 1543 variorum
1027 1479 1165 1543 siderum
1193 1479 1372 1544 nominibus
1400 1478 1540 1543 fabulam
1567 1477 1628 1543 sibi
1651 1500 1742 1543 oom-

196 1591 337 1669 poueret.
370 1593 402 1650 et
429 1585 568 1650 fabulam
596 1592 629 1650 et
656 1586 795 1651 siderum
821 1587 950 1650 nomina
976 1586 1068 1650 simul
1092 1607 1130 1650 ex
1154 1586 1231 1651 Asia
1258 1587 1357 1650 inlata
1380 1606 1448 1650 esse
1471 1586 1619 1669 opinatur
1642 1585 1742 1649 Butt-

196 1714 337 1758 manuus.
370 1693 453 1777 quod
482 1693 521 1756 de
549 1691 710 1776 Cassiepia
736 1693 968 1782 concedendum
997 1714 1063 1759 esse
1095 1694 1233 1770 videtur,
1261 1695 1300 1758 de
1332 1692 1444 1758 ceteris
1477 1691 1602 1767 dubito;
1634 1693 1743 1756 dicam

197 1800 295 1884 igitur
322 1804 444 1883 aperte,
476 1799 560 1881 quod
589 1799 698 1864 sentie.
736 1800 799 1864 duo
829 1822 868 1865 ex
895 1799 955 1865 bae
982 1801 1119 1865 siderum
1147 1799 1268 1865 familia
1295 1802 1358 1866 iam
1386 1800 1463 1865 satis
1496 1800 1635 1884 antiquis
1659 1806 1743 1864 tem-

196 1907 327 1991 poribus
350 1914 426 1972 nota
448 1905 546 1970 fuisse
569 1908 718 1990 suspicor,
741 1929 779 1971 ea
802 1908 958 1984 nimirum,
981 1929 1062 1991 quae
1085 1913 1118 1972 et
1140 1908 1307 1991 splendore
1331 1912 1363 1971 et
1385 1904 1487 1989 figura
1506 1912 1627 1971 ceteras
1645 1907 1743 1989 lenge

92 2029 95 2036 '
197 2014 406 2100 praecellunt,
433 2014 582 2078 Perseum
605 2014 676 2078 dieo
699 2021 731 2078 et
754 2013 954 2097 Cassiepiam.
987 2000 1140 2097 equibus
1163 2015 1296 2080 Perseus
1323 2014 1356 2078 id
1378 2015 1542 2097 proprium
1564 2013 1676 2090 habet,
1707 2021 1744 2078 ut

198 2122 239 2186 ab
262 2122 358 2186 heroe
381 2141 495 2186 nomen
518 2122 645 2204 ceperit,
668 2122 753 2203 quod
777 2121 923 2186 similiter
941 2122 1058 2186 sactum
1083 2127 1131 2187 est
1150 2124 1183 2185 in
1203 2123 1371 2198 Dioscuris,
1394 2121 1744 2205 praeterquamquod

198 2229 254 2293 illa
277 2227 389 2293 sideris
413 2227 580 2311 explicatio
604 2228 824 2312 vulgarissima
846 2230 983 2312 quidem,
1004 2251 1106 2312 neque
1129 2235 1236 2294 tamen
1257 2229 1325 2294 sola
1343 2235 1398 2294 est.
1432 2235 1542 2294 contra
1561 2227 1744 2310 Cassiepiae

198 2356 313 2400 nomen
334 2341 442 2399 utrum
465 2356 485 2398 a
507 2335 610 2400 sidere
633 2336 674 2399 ad
696 2335 860 2400 heroidem
883 2357 924 2400 an
947 2336 988 2400 ab
1011 2337 1142 2401 heroide
1165 2338 1205 2401 ad
1229 2336 1316 2402 sidus
1340 2334 1529 2399 translatum
1548 2335 1598 2410 sit,
1621 2334 1743 2397 diiudi-

198 2462 270 2508 care
293 2463 354 2506 nen
379 2443 493 2519 ausim3
518 2442 550 2506 id
575 2447 698 2506 constat
721 2463 834 2506 nomen
857 2443 897 2507 de
921 2443 1100 2509 Phoenissis
1123 2465 1246 2527 semper
1268 2442 1452 2507 mulieribus
1481 2441 1633 2506 adhiberi.
1666 2463 1744 2505 nam

198 2554 326 2633 praeter
344 2549 564 2614 Andromedae
581 2554 714 2613 matrem
734 2550 829 2613 etiam
844 2549 1011 2614 Phoenicis
1028 2572 1109 2616 uxor
1132 2552 1179 2615 ita
1196 2556 1404 2635 nuncupatur,
1422 2570 1503 2633 quae
1517 2550 1610 2614 modo
1625 2548 1742 2613 Phinei

200 2655 309 2743 (schol.
331 2656 581 2741 ApollB178)
604 2657 698 2720 modo
722 2656 863 2740 Atymnii
887 2656 1045 2742 (Apollod.
1065 2657 1113 2721 Ill
1139 2659 1166 2733 1,
1186 2658 1215 2734 2,
1233 2658 1269 2744 3)
1294 2659 1386 2723 modo
1409 2657 1555 2739 Europae
1579 2655 1743 2740 (Eustath.

200 2764 236 2828 Il.
257 2764 332 2840 989,
351 2762 408 2848 35)
432 2768 533 2827 mater
552 2768 608 2828 est.
632 2768 728 2846 atque
747 2770 914 2847 postquam
933 2764 1152 2830 Andromedae
1170 2765 1304 2830 historia
1323 2764 1621 2851 Graecisjinnotuit,
1644 2784 1744 2847 quam

200 2871 324 2937 saeculo
343 2876 432 2936 sexto
452 2875 584 2935 exeunte
603 2876 712 2935 notam
730 2870 826 2936 fuisse
845 2871 921 2936 abbi
941 2872 1028 2949 evici,
1048 2873 1169 2937 sedvel
1188 2871 1228 2937 ab
1243 2872 1445 2957 Alcmanell)
1465 2878 1625 2936 narratam
1644 2869 1744 2936 luisse

201 2978 457 3043 Wilamowitzius
483 2998 571 3042 meus
599 2998 648 3042 me
676 2978 795 3055 docuit,
824 3001 894 3043 eum
917 2979 1032 3056 sidere,
1060 2980 1144 3064 quod
1163 2980 1294 3044 Perseus
1323 2979 1442 3044 dudum
1465 2978 1649 3053 vocabatur,
1678 2978 1745 3042 alia

200 3085 305 3152 sidera
327 3087 495 3150 coniuncta
517 3092 603 3161 sunt,
625 3107 707 3168 quae
730 3086 973 3163 Andromedam,
997 3085 1163 3170 Cepheum,
1187 3087 1298 3152 Cotum
1320 3090 1389 3152 esse
1411 3084 1578 3150 finxerunt.
1615 3107 1653 3150 ac
1676 3085 1744 3150 for·

200 3199 284 3259 tasse
312 3197 379 3256 turn
408 3192 531 3257 demum
560 3191 732 3275 Cassiepia,
760 3213 840 3275 quae
867 3192 908 3257 ab
937 3193 1027 3257 initio
1051 3194 1217 3260 Phoenicis
1243 3215 1323 3258 uxor
1350 3199 1411 3270 est,
1437 3214 1495 3282 pro
1520 3193 1745 3258 Andromedae

200 3306 302 3365 matre
320 3298 438 3383 Cephei
456 3320 554 3363 uxore
577 3298 688 3365 habitu
707 3306 761 3364 est.
794 3307 889 3383 atque
912 3300 991 3366 hace
1008 3307 1082 3365 sunt
1100 3322 1181 3384 quae
1199 3303 1239 3366 de
1258 3302 1397 3367 siderum
1415 3300 1549 3366 historia
1567 3299 1745 3366 adferenda

202 3428 269 3473 esse
291 3408 401 3490 putavi
425 3407 603 3489 specimina.

289 3513 424 3577 Aratum
455 3513 567 3597 opinor
598 3519 634 3578 ut
661 3513 701 3578 de
732 3513 888 3579 sideribus
920 3515 1074 3580 scriberet
1102 3521 1229 3599 praeter
1255 3516 1406 3600 Antigoni
1438 3516 1556 3587 iussum
1587 3515 1745 3598 imprimis

203 3621 393 3698 Stoicorum,
420 3641 552 3704 quorum
580 3621 765 3705 disciplinae
793 3622 882 3685 illum
909 3622 1052 3687 deditum
1075 3622 1171 3687 fuisse
1195 3629 1330 3698 coristat,
1358 3623 1437 3687 illud
1460 3622 1557 3687 movit
1579 3612 1684 3698 καλὸς
1709 3622 1744 3686 δὲ

203 3719 222 3794 d
246 3722 383 3812 κόσμος·
414 3727 516 3813 δῆλον
544 3719 577 3791 d'
606 3725 643 3791 ἐκ
670 3735 733 3793 τοῦ
762 3725 925 3815 σχήματος
947 3729 1009 3794 ’καὶ
1036 3738 1098 3794 τοῦ
1123 3725 1298 3815 χρώματος
1325 3732 1381 3795 καὶ
1409 3736 1471 3793 τοῦ
1497 3727 1663 3812 μεγέθους
1687 3731 1745 3793 καὶ

202 3842 260 3921 τῆς
291 3835 368 3920 περὶ
401 3825 463 3900 τὸν
495 3829 623 3918 κόσμον
655 3843 726 3899 τῶν
758 3828 909 3922 ἀστέρων
941 3839 1108 3915 ποικιλίας
1141 3889 1259 3902 .....
1289 3835 1435 3901 ἐπιτελεῖ
1464 3827 1503 3901 τὸ
1531 3831 1655 3913 κάλλος
1683 3845 1745 3902 τοῦ

203 3937 331 4024 κόσμου
359 3942 415 4005 καὶ
443 3932 484 4005 τὰ
512 3937 700 4027 φαινόμενα
728 3995 845 4008 .....
876 3940 1038 4029 ἐλάβομεν
1067 3937 1100 4010 δ’
1128 3943 1166 4009 ἐκ
1193 3940 1319 4010 τούτου
1347 3939 1483 4009 ἔννοιαν
1510 3950 1605 4009 θεοῦ.
1630 3944 1745 4030 (Plut.)

203 4050 243 4113 de
270 4048 349 4131 plac.
377 4071 406 4131 p.
435 4049 498 4113 879
526 4048 560 4112 F.
606 4050 658 4113 vix
689 4051 751 4114 diei
784 4058 901 4135 potest,
933 4058 1052 4134 quanto
1081 4073 1175 4135 opere
1203 4052 1294 4116 Arati
1328 4052 1465 4116 carmine
1496 4072 1568 4114 cum
1595 4050 1745 4134 aequales

203 4162 271 4220 tum
302 4156 421 4239 posteri
454 4154 602 4221 delectati
629 4157 706 4234 sint3
740 4178 841 4241 neque
869 4164 918 4223 est
945 4159 999 4242 qui
1027 4160 1160 4241 ignoret,
1187 4180 1249 4244 quo
1276 4160 1382 4223 studio
1405 4161 1438 4223 in
1461 4157 1615 4223 imitando
1644 4158 1745 4221 Arato

204 4262 408 4328 Alexandrini
432 4269 554 4346 poetae,
580 4264 614 4328 in
636 4266 787 4330 vertendo
809 4265 942 4330 Romani
966 4265 1205 4332 elaboraverint.
1247 4268 1340 4350 pauci
1367 4265 1469 4332 sciunt
1496 4266 1545 4330 vel
1572 4266 1614 4331 ad
1641 4271 1744 4331 artem

203 4371 266 4434 vim
290 4372 356 4435 eius
383 4371 581 4453 pertinuisse.
617 4378 741 4436 tautum
764 4374 848 4438 enim
871 4375 1042 4438 auctoritas
1065 4377 1131 4439 eius
1153 4374 1265 4451 valuit,
1292 4378 1341 4450 ut,
1368 4395 1439 4438 oum
1461 4373 1587 4456 singula
1613 4394 1745 4456 poeseos

204 4499 320 4562 genera
351 4478 434 4542 iuter
465 4478 604 4562 singulas
635 4479 742 4545 Musas
778 4481 1006 4558 dividerentur,
1043 4483 1139 4546 etiam
1170 4504 1245 4565 epos
1276 4480 1521 4546 astronomicum
1552 4481 1745 4563 peculiarem

204 4607 294 4651 suam
320 4586 497 4670 praesidem
524 4587 694 4670 acciperet,
721 4609 877 4672 quamque
903 4610 1017 4654 nomen
1043 4590 1127 4654 ultro
1159 4588 1354 4665 destinabat,
1381 4588 1503 4654 Urania
1529 4585 1623 4652 Musa
1655 4585 1744 4652 fieret

297 4837 326 4899 ¹⁷)
346 4802 462 4890 Alcman
482 4837 514 4892 fr.
535 4839 568 4892 72
587 4838 678 4906 Bergk
702 4837 825 4902 (Cramer
843 4839 894 4891 An.
914 4838 963 4891 Ox.
983 4840 995 4892 1
1016 4841 1079 4903 159,
1098 4841 1142 4903 30)
1161 4828 1231 4907 'luxa'
1252 4857 1292 4902 τις
1314 4832 1428 4905 Καφεὺς
1446 4831 1598 4901 duducon-
1617 4832 1745 4906 exaesig

206 4924 301 4978 codex.
320 4941 388 4980 corr.
408 4926 441 4980 ll.
460 4927 645 4991 Neumsnnus,
665 4927 868 4981 Wilamowitzii
888 4927 1047 4996 discipulus.
