3894 5708
212 387 273 452 158
457 388 587 441 serrone
834 386 927 439 Senon
946 390 1033 441 Aaou,
1046 404 1069 440 v.
1080 391 1132 444 316
1143 406 1168 457 p.
1180 390 1222 451 79,
1232 390 1274 442 23.
1312 387 1411 442 Senon.
1423 386 1515 441 Gaea.
1527 388 1579 442 BP.
1594 405 1621 457 p.
1632 388 1675 453 92,
1687 390 1713 441 2,

75 564 185 618 XXXI

80 655 126 706 ιι
155 654 160 673 ’
986 570 1183 657 navarrea.
1313 566 1374 632 Hio
1392 588 1517 632 eausam
1535 567 1632 632 talem
1645 567 1705 632 ha·

72 700 77 707 .
95 672 109 708 s
128 672 183 721 φιν.

943 695 1017 743 σται
1045 678 1081 743 δὲ
1100 677 1145 755 είς
1168 702 1213 743 τι-
1270 674 1324 738 bet
1337 696 1393 737 cur
1407 676 1500 738 nstris
1514 674 1555 738 sit
1569 674 1705 739 inlatus:

941 776 1005 871 μὴν
1019 793 1081 849 τοῦ
1095 787 1214 850 Ποσει·
1269 781 1433 864 Neptunus
1446 804 1516 846 cum
1527 781 1703 866 Amphitri-

943 894 1066 969 οιῦνος·
1142 891 1213 978 ίρα-
1268 894 1333 953 tem
1372 890 1536 974 deligeret,
1572 912 1706 956 uxorem

915 999 1085 1076 υσθίντος
1152 991 1214 1084 γὰρ
1268 1018 1363 1079 quum
1398 997 1544 1075 haberet,
1581 1004 1613 1064 et
1648 998 1707 1064 illa
1734 1009 1753 1061 5

941 1099 1215 1194 τηςῖίμςοιτρίτης
1270 1106 1483 1183 intellexisset,
1502 1105 1644 1189 confugit
1660 1107 1704 1170 ad

943 1207 1047 1279 αὐτοῦ
1060 1221 1214 1300 συνιργῆ-
1269 1212 1477 1291 Atlantidum,
1530 1220 1566 1278 ut
1615 1235 1707 1279 suam

943 1340 996 1386 σαι
1029 1328 1078 1404 τῷ
1109 1316 1213 1404 γάμῳ.
1269 1321 1482 1403 virginitatem
1518 1323 1705 1386 custodiret.

298 557 405 645 Οὗτος
423 567 459 634 ἐν
479 583 548 646 τοῖς
567 563 700 653 ἄστροις
714 568 841 652 λέγεται

250 681 392 762 τιθῆναι
407 669 453 741 δι’
467 676 577 742 αἰτίαν
590 672 761 763 τοιαύτην·
782 685 843 742 τοῦ

252 785 465 862 Ποσειδῶνος
520 784 727 869 βουλομένου
781 777 842 870 τὴν

254 883 460 978 Ἀμφιτρίτην
486 897 599 973 λαβεῖν
625 885 671 970 ὡς
693 905 843 977 γυναῖκα,

225 991 473 1085 υιύλαβηθιῑσα
497 997 606 1086 ἐκείνη
635 996 735 1084 ἔφυγε
758 993 843 1084 πρὸς

252 1098 312 1169 τύν
346 1101 518 1185 Ἄτλαντα,
556 1108 746 1194 διατηρῆσαι
782 1101 843 1194 την

251 1215 442 1294 παρθενίαν
476 1210 674 1280 σπιύδουσα.
704 1238 842 1300 κεκρυμ-

251 1320 350 1407 μίνης
388 1321 423 1384 δὲ
460 1319 600 1408 ἐκείνης,
636 1314 782 1399 πολλούς
824 1315 842 1387 ὁ

253 1429 428 1492 Ποσειδῶν
470 1427 631 1513 ἐξέπεμψε
667 1437 843 1517 μαστῆρας.

211 1546 243 1596 10
254 1533 289 1598 ἓν
309 1529 358 1612 οἷς
376 1536 430 1599 καὶ
450 1527 511 1600 τὸν
531 1537 680 1616 δελφῖνα·
710 1532 843 1601 adcreui-

252 1664 351 1724 μενος
380 1641 414 1705 di.
442 1633 528 1706 κατὰ
556 1635 615 1720 τὰς
638 1638 759 1730 νήσους
783 1651 844 1708 τοῦ

257 1742 426 1826 Ἄτλαντος
439 1742 631 1834 πιριιιισών
645 1742 728 1833 αὕτη
742 1774 842 1834 προς-

253 1854 399 1940 αγγίίιίιι
431 1857 487 1920 καὶ
515 1851 585 1940 dyst
612 1850 697 1941 πρὸς
724 1859 843 1922 Ποσει-

254 1963 358 2027 ιίιῦνα
390 1955 409 2027 ὁ
439 1963 474 2027 δὲ
501 1959 604 2050 γήμας
628 1956 732 2050 αύτην
754 1966 843 2048 μεγί-

211 2080 244 2133 15
255 2087 333 2145 στας
352 2062 447 2155 τιμὰς
465 2068 503 2134 ἐν
520 2078 561 2153 τῇ
580 2067 732 2154 θαλάσση
753 2064 844 2154 αύτῷ

253 2167 385 2263 ὥρισεν,
418 2170 509 2262 ἱερὸν
541 2170 645 2242 αύτόν
678 2171 845 2263 ὀνομάσας

220 2276 223 2281 ’
254 2280 339 2349 εἶναι
371 2287 427 2349 καὶ
459 2283 506 2362 είς
537 2276 578 2349 τὰ
606 2279 711 2370 ἄστρα
740 2278 845 2350 ositos>

255 2387 401 2477 σύστημα
442 2387 574 2478 ἔθηκεν.
618 2382 691 2456 ὅσοι
729 2384 762 2457 δ’
803 2385 845 2457 ih·

255 2491 346 2582 αύτῷ
364 2505 413 2582 τῷ
434 2499 621 2562 Hormus-n
644 2501 844 2583 praeloquitur

209 2605 411 2684 2οθίίοισιν,
444 2604 480 2669 ίν
508 2614 548 2689 τη
578 2608 662 2690 χειρί
689 2613 845 2671 ποιοῦσιν

254 2709 373 2796 ἔχοντα
405 2703 466 2776 τὸν
499 2713 651 2794 <triplus
665 2720 722 2799 τῆς
753 2705 844 2798 edep-

253 2821 362 2903 γισίας
407 2821 562 2906 μεγίστην
610 2817 712 2900 δόξαν
753 2812 845 2904 αύτῷ

254 2919 493 3009 ιῖιιονέμοντις.
518 2926 604 3010 λέγει
629 2926 664 2991 δὲ
686 2928 764 3012 περὶ
788 2919 845 2990 αύ-

253 3042 315 3100 τοῦ
329 3036 385 3098 καὶ
395 3026 630 3118 ι’ίρτεμίιίαιρος
644 3032 681 3098 ἒν
694 3044 766 3110 ταῖς
781 3033 846 3097 ἐλε-

209 3144 355 3225 asystata
386 3154 458 3219 ταῖς
488 3143 563 3226 περὶ
583 3135 726 3226 ”apeme
754 3133 845 3224 αύτῷ

253 3247 499 3335 πεποιημένοις.

247 3498 340 3552 XXXI
358 3499 544 3554 Tnsrruonu.

213 3587 374 3653 (teldfort.
394 3588 432 3640 Π
447 3593 483 3641 81
508 3604 555 3642 seu
575 3587 628 3641 luit
647 3587 762 3642 occultis
780 3586 848 3641 felix
867 3587 896 3641 in
915 3587 1052 3641 amoribus
1072 3587 1162 3641 index.

212 3676 427 3730 Gerrnoaieuao.
439 3679 498 3730 321.
537 3676 602 3730 tulit
616 3676 660 3731 hic
676 3676 821 3730 Atlantida
839 3678 977 3746 nymphen
995 3677 1004 3746 l!
1027 3676 1054 3729 in
1074 3675 1162 3729 thala·

373 3782 439 3832 mos,
458 3767 587 3835 Neptune
606 3772 674 3831 tuos,
694 3765 839 3820 miseratus
858 3772 1005 3820 amantem.

210 3854 334 3907 Αυίιιιαο
352 3871 376 3907 ιι.
396 3857 458 3908 701.
483 3853 619 3923 (Delphisl
638 3854 700 3934 dun,
720 3855 856 3923 Neptune,
877 3854 917 3908 tui
932 3854 1067 3922 quondam
1082 3869 1164 3922 super

211 3959 314 4011 aequor
336 3943 444 3998 amoris.
464 3942 473 4013 ΙΙ
491 3943 537 3996 hic
560 3958 623 3996 nam
643 3943 771 3998 detrusae
790 3943 818 3997 in
838 3943 966 3998 tenebras
985 3943 1079 4012 procul
1100 3947 1163 3997 Am·

210 4031 348 4100 phitrites,
367 4032 376 4103 ll
394 4033 495 4086 arduus
512 4031 639 4086 occiduos
654 4031 755 4086 umeris
770 4031 817 4085 uhi
832 4032 949 4086 sustinet
963 4048 1029 4086 axes
1047 4032 1056 4102 ll
1076 4032 1164 4085 l'loia·

210 4121 272 4174 dum
293 4121 407 4190 genitor,
427 4126 599 4190 perruperat.
620 4120 665 4175 hic
686 4137 769 4190 vagus
788 4121 860 4174 omni
879 4120 888 4191 ll
907 4121 1014 4189 gurgite
1034 4121 1162 4175 dilectam

284 4209 392 4263 domino
411 4209 494 4263 maris
513 4210 609 4263 ultimo
628 4210 662 4264 ab
682 4210 755 4275 orbe,
774 4208 783 4279 ll
802 4209 892 4263 mollis
911 4210 1001 4273 dorsa,
1021 4209 1092 4262 tulit.

245 4317 258 4353 ι
277 4292 315 4362 ὡς
338 4297 580 4352 testamen-iuius.-
599 4296 639 4362 τίς
658 4299 726 4352 lehra'.
817 4315 829 4352 τ
844 4304 909 4366 poet
927 4293 1104 4352 σπεύδουσαι
1127 4291 1165 4362 ὡς

211 4387 240 4441 δὲ
264 4389 312 4441 καί
336 4384 365 4440 ui
388 4390 518 4441 πλεῖσται
539 4389 675 4457 Νηρηίδες
694 4381 869 4456 ἐκρύπτοντο
889 4387 963 4454 luna,
988 4401 1061 4452 ηιιοο
1083 4388 1165 4440 ϊοιίια

209 4478 267 4530 iam
286 4475 476 4530 ιδὀίιοαίιαοίιίο
494 4477 656 4544 eorumdum
674 4482 817 4529 mouerunt
835 4493 923 4543 ιιοηιιι
937 4477 971 4529 ob
986 4476 1099 4545 Ημρίοο
1115 4482 1165 4529 aut

210 4566 290 4620 achel.
311 4565 400 4619 Germ.
422 4566 491 4620 lecta
509 4582 564 4619 esse
584 4565 721 4619 audeatur.
742 4564 830 4618 deleta
848 4566 935 4634 igitar
953 4566 1166 4632 interpolatione

208 4661 273 4723 post
291 4652 488 4724 κεκρυμμένης
506 4656 614 4709 armorui
632 4653 669 4709 δὲ.
774 4672 786 4710 o
804 4658 951 4724 μαστῆρας
970 4653 1166 4717 Kopoiereius:

211 4746 373 4814 μνηστῆρας
392 4743 463 4797 lehre.
519 4761 544 4799 rs
563 4738 692 4811 σύστημα
706 4749 874 4811 corruptum.
895 4739 1015 4810 effigiem
1025 4742 1164 4811 Hyginus.

210 4833 322 4901 μίμημα
336 4831 570 4886 ίίῘ-ἱίαυιοιυίίνίιιο.
589 4832 682 4885 malim
702 4826 860 4899 ὑπόμνημα.
925 4848 950 4886 ιο
965 4837 1029 4898 post
1048 4848 1164 4898 ποποιη·

211 4919 321 4988 μίναιςι
344 4922 452 4992 βίβλοις
474 4921 544 4974 latri.
582 4921 632 4975 del.
656 4920 890 4974 Wilomowitzios.
932 4919 1060 4989 Hepnius
1083 4920 1166 4972 etiam

212 5017 272 5073 ταῖς
291 5011 356 5080 περί
373 5002 494 5079 ’Ἑρωτος
513 5006 716 5078 πεποιημέναις
735 5008 824 5064 delere
842 5007 935 5063 voluit.

1269 1448 1348 1509 quae
1376 1450 1446 1491 eum
1474 1450 1507 1493 se
1530 1430 1707 1506 occulisset,

1269 1532 1433 1616 Neptunus
1456 1535 1542 1600 misit
1560 1537 1614 1618 qui
1634 1558 1707 1602 eam
1719 1548 1755 1599 10

1270 1647 1426 1722 peterent,
1454 1643 1537 1707 inter
1564 1665 1642 1725 quos
1674 1652 1707 1709 et

1269 1748 1461 1832 delphinum.
1537 1753 1590 1834 qui
1632 1775 1706 1818 cum

1197 1853 1200 1857 ’
1269 1855 1353 1919 cirea
1384 1856 1502 1921 insulas
1530 1857 1707 1924 Atlantidis

1269 1964 1446 2040 rimaretur,
1469 1966 1610 2048 repperit
1632 1986 1706 2030 eam

1269 2070 1489 2154 nuntiavitque
1547 2070 1705 2154 Neptuno.
1718 2082 1756 2134 15

1269 2199 1363 2260 <quom
1378 2178 1431 2242 ille
1448 2179 1707 2262 persuasionibus

1269 2287 1310 2349 ad
1329 2307 1418 2350 suam
1431 2285 1580 2369 perduxit
1594 2287 1706 2351 volun-

1270 2397 1367 2456 tatem
1396 2392 1608 2475 delphinoque
1637 2416 1706 2459 ma-

1269 2500 1368 2563 ximos
1400 2498 1535 2565 honores
1563 2501 1595 2562 in
1623 2503 1705 2564 mari

1270 2606 1396 2681 tribuit,
1428 2628 1521 2688 quem
1549 2613 1581 2671 ot
1608 2608 1757 2672 astrisuo

1270 2712 1378 2776 intulit
1397 2714 1653 2797 consecravitque
1674 2722 1706 2778 et

1268 2804 1337 2900 ipse
1356 2819 1387 2881 in
1406 2840 1501 2882 manu
1515 2840 1573 2883 sue
1586 2819 1707 2885 hahere

1272 2925 1417 2999 instituit,
1436 2932 1472 2988 ut
1485 2925 1707 2991 Artemidorus

1271 3031 1375 3096 refert.

1305 3514 1317 3550 ι
1336 3494 1472 3563 deligeret
1492 3513 1518 3549 e:
1538 3495 1669 3565 diligeret
1687 3496 1754 3549 BP.

1271 3601 1381 3639 uxorem
1397 3601 1447 3638 οιιι.
1464 3584 1494 3637 P.
1523 3600 1605 3653 quam
1620 3603 1650 3638 s.-
1668 3602 1756 3653 quem

1270 3675 1329 3728 BP.
1349 3689 1515 3741 uxoremque
1539 3673 1643 3728 habere
1665 3674 1756 3728 vellet

1270 3767 1295 3834 β.
1321 3781 1346 3819 ιο
1355 3765 1500 3832 Neptunus
1511 3761 1574 3816 SU:
1587 3763 1674 3816 niltus
1689 3764 1756 3818 BP.

1271 3853 1370 3906 multos
1388 3855 1414 3921 β.
1452 3870 1476 3907 ιι
1496 3858 1624 3919 peterent
1642 3852 1685 3905 B:
1708 3870 1756 3908 ra-

1271 3949 1351 4010 peret
1366 3941 1397 3994 P.
1448 3957 1473 3995 rs
1485 3940 1559 3995 circa
1570 3940 1592 3994 S
1596 3940 1627 3994 U.
1638 3958 1709 3996 urea
1720 3943 1757 3995 Β.

1272 4047 1351 4084 ureas
1363 4030 1394 4083 P.
1405 4028 1556 4083 Atlantidis
1567 4027 1595 4080 S.
1609 4029 1758 4098 plantides

1271 4118 1331 4171 BP.
1370 4117 1526 4173 Atlantides
1545 4135 1567 4170 ε.
1588 4136 1632 4177 ,ιι
1654 4135 1758 4173 conse-

1272 4205 1413 4274 cravitque
1423 4210 1456 4276 βε
1468 4205 1679 4274 procreavitque
1692 4207 1758 4260 BP.
