3900 5706
212 352 273 415 156
459 350 598 404 Emrouu.
872 349 971 404 Scuou.
991 350 1080 402 Arar.
1201 346 1302 401 Scaea.
1321 344 1414 400 Grau.
1432 345 1485 399 BP.
1505 362 1531 413 p.
1549 346 1593 409 91,
1615 346 1655 399 16.
1687 358 1695 367 ·

38 498 41 509 Ι
81 528 178 583 XXX
302 517 407 608 Οὗτός
452 528 542 594 ἐστιν
583 521 602 595 ὃ
644 523 845 614 Γανυμήδην
909 528 1045 580 omittam.
1154 525 1270 609 Aquila
1297 525 1375 589 haec
1398 530 1459 601 est,
1487 546 1567 609 quae
1591 523 1697 610 Gany-

80 612 175 707 ’,θεῖός
254 629 457 722 ἀνακομίσας
480 636 525 714 εἰς
549 626 697 719 οὐρανὸν
715 642 764 720 τῷ
783 636 843 714 Διί,
1109 633 1230 698 medem
1267 634 1375 716 rapuit
1411 631 1444 696 in
1480 630 1600 696 caelum
1631 631 1697 695 levi

254 735 346 821 ὅπως
392 739 447 827 ἔχη
488 739 655 827 οἰνοχόον.
697 738 767 807 ἔστι
807 741 841 806 dt

253 850 290 916 lv
326 864 396 928 τοῖς
437 844 588 936 ἄστροις,
630 846 746 916 διόσον
786 851 843 914 καὶ

225 955 430 1045 5πηότεηον,
451 949 506 1023 ὅτε
527 955 560 1024 οἱ
577 959 655 1023 θεοὶ
672 949 713 1022 τά
732 949 843 1044 πτηνά

253 1068 492 1152 διεμερίζοντο,
528 1072 651 1130 τοῦτον
680 1061 794 1148 ἔλαχεν
823 1056 842 1130 ὃ

253 1169 343 1251 Ζεύς.
373 1167 481 1258 μόνον
499 1163 561 1256 γάρ
579 1179 650 1237 τῶν
669 1167 767 1257 ζῴων
786 1165 842 1236 civ·

252 1277 368 1368 τήλιον
396 1278 532 1345 ῗτιταται
554 1292 626 1357 ταῖς
648 1271 779 1345 ἀκτῖσιν
802 1272 843 1344 οὐ

252 1383 530 1472 ταπεινούμενον·
555 1382 619 1470 ἔχει
639 1386 674 1451 δὲ
692 1378 753 1472 τὴν
771 1379 842 1473 ἡγε-

209 1482 374 1581 10’μονὶαν
402 1486 577 1559 ἁπάντων·
614 1488 843 1580 ἐσχημάτισται

253 1603 289 1669 δὲ
313 1600 578 1686 διατι-τεταμένος
598 1591 657 1677 τάς
679 1599 844 1686 πτέρυγας

253 1703 300 1788 ὡς
322 1702 365 1774 liv
388 1703 647 1793 καθιστάμενος.

298 1809 535 1901 Ἀγλαοσθένης
550 1814 587 1879 δι’
600 1832 702 1902 φησιν
718 1814 755 1878 ἐν
774 1825 844 1891 τοῖς

252 1929 412 2005 Ναξικοῑς
433 1918 616 2006 γενόμενον
638 1913 700 1986 τὸν
724 1923 784 1986 Δία
807 1920 843 1987 ἐν

210 2042 242 2096 15
251 2027 368 2118 Κρήτη
404 2031 461 2094 καὶ
496 2021 588 2112 παρά
623 2036 686 2094 τοῦ
717 2021 844 2113 πατρὸς

253 2133 456 2225 ζητούμενον
480 2135 613 2202 ἐκεῖθεν
637 2135 843 2222 ἐκκλαπῆναι

252 2248 309 2310 καὶ
332 2238 476 2332 ἀχθῆναι
504 2242 550 2320 εἰς
573 2238 697 2324 Νάξον,
726 2241 841 2328 ἐκτησ-

252 2352 359 2435 φέντα
405 2351 440 2416 δὲ·
486 2353 542 2415 καὶ
584 2345 766 2434 γενόμενον
807 2350 843 2414 ἐν

251 2452 362 2546 ἡλικίᾳ
385 2451 540 2544 τὴντῶν
563 2463 655 2521 θεῶν
674 2458 843 2536 βασιλείαν

208 2577 243 2630 20
252 2571 436 2649 κατασχεῖν·
481 2564 689 2648 ἐξορμῶντος
730 2563 764 2628 δὲ
806 2563 843 2628 ἐκ

253 2681 309 2759 τῆς
345 2668 460 2753 Νάξου
497 2671 552 2736 εἰιὶ
587 2662 667 2747 τοὺς
707 2673 844 2747 Τιτᾶνας

254 2772 354 2845 άιτὸν
395 2772 487 2864 αὐτῷ
524 2785 671 2865 φανῆναι
712 2773 843 2857 θύοντι,

253 2879 314 2951 τὸν
369 2886 403 2951 δὲ
454 2881 698 2969 οἰωνισάμενον
751 2876 843 2969 ἱερὸν

253 2986 357 3058 αὐτὸν
371 2989 587 3079 ποιήσασθαι,
606 2994 661 3056 καὶ
677 2983 730 3056 διά
740 2999 842 3056 τοῦτο

208 3112 243 3165 ‘25
253 3109 310 3188 τῆς
328 3100 365 3165 ἐν
384 3093 519 3184 criptum}
538 3106 632 3185 τιμῆς
646 3092 840 3184 ἀξιωθῆναι.

291 3202 374 3293 Ἔχει
412 3206 446 3271 δὲ
484 3199 623 3291 άστέηας
660 3202 703 3284 θ’,
741 3195 790 3270 τάν
823 3199 842 3272 ὃ

251 3315 350 3400 μέσος
373 3313 442 3380 ἐστὶ
466 3308 623 3398 λαμπρός.

208 3618 287 3672 XXX
316 3617 506 3671 Tremuomu:
537 3616 614 3670 Ouid.
637 3617 701 3683 thet.
732 3619 758 3671 V
779 3623 841 3673 732.

270 3707 312 3760 VI
328 3710 390 3760 196.
412 3704 566 3760 Germanic.
585 3724 609 3760 c.
628 3712 780 3761 316-318.

243 3813 254 3851 ι
274 3791 329 3866 γάρ
347 3795 585 3850 Wilamowitriue:
603 3794 632 3849 δὲ
654 3796 721 3849 latri.
760 3815 785 3852 rr
804 3792 842 3862 ὡς

207 3878 243 3938 civ
265 3880 500 3952 καθιπτάμενοςε
520 3887 611 3938 nescio
638 3903 678 3938 αιι
705 3902 738 3938 ια
760 3887 840 3941 cclml.

208 3973 299 4061 ςὶιειιι.
317 3975 373 4027 BP
392 3974 565 4028 scribendum
588 3975 624 4028 eit
645 3968 683 4038 ὡς
702 3971 842 4044 ἀνατολὴν

206 4059 428 4130 καθιστάμενος.
465 4082 490 4120 1³
510 4058 713 4134 Ἀγλαοσθένης
732 4064 840 4118 Pelles:

207 4148 411 4224 Ἐρατοσθένης
420 4153 489 4206 lieri.
508 4154 842 4222 ceramicomcaleperuut

207 4241 337 4312 Hypinue
355 4247 380 4295 et
393 4242 474 4296 eeltcl.
491 4241 580 4295 Germ.
594 4242 662 4309 BP,·
680 4249 842 4311 corruptum

206 4330 286 4384 schol.
309 4331 398 4384 Germ.
420 4330 453 4385 G.
500 4333 634 4396 Ναξικοῖς
655 4332 840 4399 Mcttlriacue:

208 4421 362 4485 Ναξιακοῖς
380 4421 451 4473 libri.
525 4436 550 4477 ιο
570 4416 647 4491 παρὰ
666 4425 716 4476 τοῦ
735 4418 841 4491 πατρὸς

206 4509 320 4576 smper.-
347 4504 420 4562 κατὰ
439 4504 544 4579 κράτος
562 4509 634 4565 leliri.
657 4510 691 4576 cs.
712 4510 840 4580 Ρτοῑιμο-

206 4615 288 4651 mena
302 4615 331 4666 p.
350 4602 417 4652 253.
458 4616 483 4653 aa
503 4606 569 4653 αισι
586 4594 686 4654 άετὸνε
704 4602 751 4653 καὶ
770 4600 840 4655 lieri.

208 4687 258 4740 dcl.
278 4687 413 4758 Ηιηιιὶαο.
447 4683 545 4743 θάοντι
569 4691 682 4759 ccrcpei:
709 4685 841 4744 συνιόντα

207 4776 276 4831 libri.
353 4795 379 4832 ιι
398 4784 463 4846 poet
485 4774 677 4849 ποιήσασθαι·
703 4797 840 4849 κατηστε-

207 4863 338 4936 ηιςμένον
375 4868 443 4921 ἔθνε’.
511 4869 644 4939 placarum
679 4887 735 4927 cese
772 4872 841 4926 ciue

213 4955 443 5013 Wilcmcwitziua

1108 742 1294 806 ministrum.
1340 746 1388 806 est
1415 742 1498 805 anim
1521 761 1559 804 ea
1581 745 1614 804 et
1636 738 1699 821 sig-

1108 872 1183 914 num
1200 849 1291 927 Iovis,
1314 849 1398 933 quod
1417 847 1485 913 sola
1502 848 1606 912 avium
1625 845 1700 911 solie

1108 958 1207 1023 radiis
1248 979 1311 1023 non
1348 960 1512 1022 terreatur.
1563 975 1699 1036 namque
1726 962 1743 1016 5

1109 1065 1155 1131 ita
1197 1072 1244 1130 est
1280 1070 1424 1149 spectans
1464 1063 1506 1128 erl
1546 1063 1699 1127 orientem

1108 1175 1220 1257 pennis
1242 1173 1347 1238 tensis.

1154 1815 1382 1899 Aglacsthenes
1404 1814 1481 1879 dicit
1493 1812 1608 1900 'Iovem
1623 1812 1641 1850 *
1654 1812 1699 1850 **

1109 1946 1180 1989 cum
1207 1945 1247 1988 ex
1273 1921 1363 1987 Naxo
1393 1921 1542 1986 advemue
1568 1920 1699 1985 Titanas

1108 2029 1358 2115 proficisceretur
1381 2035 1413 2094 et
1435 2026 1622 2094 sacrificium
1650 2027 1698 2093 fa·
1711 2036 1745 2091 15

1108 2144 1203 2214 cerat,
1226 2137 1365 2219 aquilam
1384 2136 1413 2200 ei
1431 2137 1464 2200 in
1483 2136 1622 2219 auspicio
1640 2136 1698 2200 ad·

1107 2245 1257 2329 paruisse.
1294 2265 1389 2326 quam
1412 2243 1495 2308 boue
1519 2243 1622 2308 omine
1644 2264 1698 2308 ac-

1108 2359 1232 2436 ceptam
1255 2351 1373 2417 tutelae
1396 2373 1471 2417 euae
1495 2350 1670 2416 subiecisse.

1153 3211 1258 3274 Habet
1285 3210 1392 3274 stellas
1415 3210 1467 3274 IV.
1495 3231 1533 3273 ex
1560 3209 1610 3273 his
1633 3230 1697 3274 me-

1107 3319 1162 3381 dia
1183 3318 1268 3382 clara
1290 3323 1345 3381 est.

1153 3620 1231 3672 XXX
1251 3619 1440 3673 Taerruoiuu:
1461 3619 1592 3672 Lactant.
1612 3618 1701 3673 Firm.

1244 3708 1264 3760 I
1280 3713 1312 3761 11
1328 3726 1357 3776 p.
1377 3712 1432 3761 183
1450 3708 1476 3761 A
1495 3709 1605 3776 Mt'pne:

1107 3801 1210 3854 Caesar
1232 3814 1338 3867 quoque
1368 3797 1395 3851 iu
1415 3786 1505 3851 'Arato
1532 3797 1619 3851 refert
1641 3797 1741 3867 Aglae

1108 3890 1232 3942 stheuem
1260 3886 1365 3952 dicere,
1393 3888 1483 3941 Iovem
1508 3903 1569 3941 cum
1593 3903 1628 3940 ex
1651 3886 1742 3941 insula

1107 3979 1185 4032 Naxo
1204 3977 1335 4032 adversus
1350 3975 1464 4031 'Pitanae
1478 3975 1700 4045 proficisceretur
1714 3984 1743 4030 et

1107 4066 1270 4120 sacrificium
1290 4065 1396 4120 faceret
1413 4065 1441 4118 in
1461 4064 1554 4130 litore,
1574 4064 1695 4133 aquilam
1715 4064 1740 4118 ei

1107 4156 1136 4210 in
1168 4156 1320 4226 auspicium
1353 4156 1508 4222 adcolarum
1542 4170 1623 4223 quarn
1655 4153 1743 4207 victor

1107 4247 1177 4300 bono
1195 4245 1285 4301 omiue
1305 4252 1448 4314 acceptam
1468 4244 1572 4298 tutelae
1592 4259 1658 4297 suae
1678 4244 1741 4296 cub·

1106 4336 1216 4404 iugarit.

1142 4443 1167 4480 m
1191 4425 1324 4478 lacunam
1345 4423 1524 4477 statuendam
1546 4438 1602 4478 carc
1623 4423 1693 4475 cidit
1715 4427 1742 4492 β.

1107 4531 1131 4570 ιι
1160 4513 1250 4568 οιοὶιιο
1278 4513 1364 4580 primi
1391 4513 1513 4567 editores.
1573 4510 1683 4567 homine
1706 4512 1742 4566 B.

1107 4602 1197 4657 animo
1216 4604 1247 4657 P.
