3894 5708
351 402 452 456 Sciron.
472 400 564 454 (ἔπι.
585 399 616 454 G.
636 418 661 470 p.
683 401 742 466 149,
762 401 803 456 17,

294 579 394 657 Quam
435 579 562 663 quidam
602 578 744 644 fabulose
780 580 945 662 gentilium

250 708 326 769 prae
349 686 462 752 timore
485 686 611 752 Orionis
634 685 751 770 fugisse
774 692 895 771 putant.

290 1972 740 2056 QuidamaSolopersecutam
750 1973 947 2038 arbitrantur

205 2086 453 2163 revocatamque
475 2080 641 2156 Electram,
663 2102 744 2164 quae
768 2101 830 2146 non
853 2079 946 2144 susti-

251 2208 326 2251 nens
352 2188 458 2252 videre
481 2209 570 2252 casus
593 2194 799 2271 pronepotum
823 2187 946 2270 sugerit.

249 2294 333 2358 unde
356 2299 387 2357 et
410 2294 497 2358 illam
516 2295 676 2359 dissolutis
694 2294 833 2359 crinibus
851 2316 946 2379 prop-

250 2406 299 2465 ter
335 2399 453 2466 luctum
489 2402 535 2465 iro
571 2403 723 2466 adserunt
754 2409 787 2466 ot
817 2409 947 2485 proptor·

250 2529 353 2572 comas
377 2507 536 2573 Cometcm
558 2509 720 2592 adpellari.

242 3989 266 4024 14
278 3986 295 4023 a
309 3969 370 4025 Solo
385 3975 570 4039 persecutam:
589 3970 704 4024 reddere
716 3969 776 4025 nult
789 3964 840 4038 τὴν
851 3965 946 4023 Ἠλέκ-

203 4078 278 4130 τραν
296 4067 397 4129 φυγεῖν
415 4061 463 4112 καὶ
482 4054 520 4127 μὴ
540 4051 689 4127 incutitur
712 4056 782 4113 [dciv
799 4054 850 4112 civ
864 4052 947 4112 Ἰλιον

201 4144 411 4217 ἁλισκομένην;
432 4154 462 4201 ut
476 4166 530 4217 pro
547 4140 627 4202 'liuor
645 4150 709 4218 lepit
728 4136 814 4217 ἥλιον.
833 4165 857 4202 o.
876 4147 946 4201 Pro-

201 4239 345 4307 lepomcno
359 4254 388 4306 p.
408 4240 453 4291 23.

1247 400 1376 453 Hiemps
1395 400 1431 463 11,
1448 401 1491 453 21.
1678 401 1738 465 137

1043 579 1105 644 Sed
1142 579 1199 643 lias
1231 579 1357 643 Pliadas
1390 578 1511 660 antiqui
1544 580 1694 663 astrologi

999 708 1137 753 seorsum
1170 707 1190 750 a
1221 686 1325 750 Tauro
1357 686 1625 762 deformaverunt,
1661 694 1696 751 ut

999 801 1073 859 ante
1087 794 1230 869 diximus,
1249 794 1392 857 Pleiones
1406 799 1439 857 et
1453 793 1592 858 Atlantis
1605 792 1695 859 filias.

999 925 1080 987 quae
1111 924 1180 967 cum
1213 924 1270 984 por
1296 900 1459 966 Boeotiam
1486 922 1557 965 cum
1584 902 1696 984 puellis

999 1013 1061 1074 iter
1083 1009 1210 1085 faceret,
1233 1009 1352 1074 Oriona
1374 1009 1589 1072 contionatum
1608 1011 1695 1072 volu·
1723 1018 1740 1072 5

999 1118 1060 1183 isse
1084 1118 1112 1182 ei
1136 1116 1199 1180 vim
1222 1115 1361 1192 adferre;
1384 1115 1471 1179 illam
1494 1113 1601 1197 fugere
1624 1136 1695 1180 eoo-

998 1226 1091 1308 pisse,
1114 1223 1232 1289 Oriona
1253 1229 1360 1287 autem
1382 1228 1524 1287 secutum
1547 1244 1615 1288 esse
1638 1245 1695 1287 an-

999 1353 1056 1397 nos
1067 1331 1126 1395 Vll
1141 1352 1243 1415 neque
1259 1331 1397 1394 inveniro
1411 1330 1559 1411 potuisse.
1593 1331 1696 1394 lovem

999 1445 1106 1503 autem
1124 1439 1300 1521 puellarum
1319 1437 1490 1512 misertum,
1508 1436 1593 1501 inter
1610 1443 1697 1502 astra

999 1545 1211 1620 const'tuisse‚
1238 1549 1267 1608 et
1288 1548 1403 1625 postea
1431 1565 1452 1607 a
1474 1544 1740 1610 nonnullae-10

999 1653 1146 1736 strolopis
1177 1652 1314 1718 caudam
1353 1652 1456 1716 Tertii
1491 1651 1696 1732 adportatum.

1000 1761 1106 1844 itaquo
1138 1760 1241 1825 adhuc
1267 1758 1365 1823 Orion
1392 1757 1548 1842 fugientes
1575 1780 1628 1825 ees
1655 1759 1697 1824 ad

983 1888 1142 1932 occasum
1166 1867 1254 1951 sequi
1277 1866 1409 1961 videtur.

1045 1974 1108 2038 Alii
1136 1975 1246 2039 dicunt
1270 1972 1426 2036 Electram
1454 1994 1516 2037 nou
1543 1973 1696 2055 adparere

1000 2081 1081 2158 ideo,
1091 2082 1174 2166 quod
1187 2082 1311 2145 Pliades
1322 2081 1540 2144 existimentur
1550 2070 1698 2144 ehoream
1707 2092 1740 2143 15

1000 2191 1114 2254 ducere
1138 2188 1251 2263 stellis3
1275 2187 1332 2251 scd
1353 2194 1519 2271 postquam
1537 2187 1632 2252 Troia
1654 2189 1697 2252 sit

1001 2301 1105 2380 capto,
1129 2302 1160 2361 et
1182 2295 1347 2379 progenies
1370 2295 1445 2371 eius,
1468 2316 1549 2376 quae
1572 2317 1592 2359 a
1614 2295 1696 2359 Dar-

1001 2403 1084 2467 dano
1107 2402 1211 2479 fucrit,
1234 2404 1276 2468 sit
1299 2424 1416 2479 eversa,
1438 2402 1548 2465 dolore
1570 2423 1695 2484 permo-

1000 2515 1065 2573 tam
1088 2509 1128 2574 ab
1152 2510 1201 2574 his
1225 2532 1258 2575 se
1281 2510 1457 2584 removisse,
1480 2514 1512 2572 et
1531 2509 1563 2572 in
1581 2509 1696 2574 circulo

1000 2617 1054 2700 qui
1073 2617 1208 2681 arcticus
1228 2616 1344 2681 dicitur
1362 2616 1550 2692 constitisse,
1569 2621 1601 2680 ot
1620 2626 1742 2698 quo-20

1000 2725 1073 2787 dam
1087 2724 1181 2805 longo
1196 2730 1336 2806 tempore
1347 2724 1571 2788 lamentantem
1582 2723 1697 2806 capillo

999 2851 1091 2913 passo
1114 2830 1228 2906 vidori3
1261 2830 1367 2913 itaque
1395 2851 1412 2894 o
1441 2831 1524 2894 facto
1549 2829 1696 2895 Cometen

999 2958 1066 3002 esse
1088 2937 1289 3020 adpellatam.

1044 3042 1086 3107 Et
1117 3043 1177 3108 hae
1208 3043 1336 3125 quidem
1367 3044 1552 3127 ampliorem
1583 3044 1697 3109 ceteris

999 3149 1119 3214 habent
1149 3151 1313 3226 honorem,
1351 3152 1434 3234 quod
1468 3172 1573 3215 earum
1607 3152 1696 3235 signo
1706 3161 1741 3215 25

999 3258 1160 3321 exoriente
1183 3263 1286 3321 aestas
1309 3256 1513 3341 significatur,
1535 3259 1697 3323 occidente

999 3369 1105 3428 autem
1123 3363 1223 3429 hiems
1241 3366 1427 3442 ostenditur,
1446 3365 1531 3447 quod
1549 3366 1620 3430 aliis
1634 3387 1697 3431 nou

999 3477 1048 3536 est
1071 3470 1224 3536 traditum
1247 3466 1352 3554 signis.

1035 3988 1048 4025 a
1067 3968 1205 4023 Pleiones:
1216 3966 1356 4022 Plesioues
1367 3967 1487 4023 RMPV.
1533 3983 1546 4025 e
1557 3968 1740 4023 contionatum

1001 4057 1096 4112 MRV.
1135 4057 1357 4111 continuonatum
1378 4057 1409 4110 P.
1456 4058 1523 4113 lotio
1547 4063 1641 4112 natum
1664 4057 1740 4112 Bar·

1000 4148 1106 4200 siamus.
1129 4146 1247 4212 sortasse
1257 4147 1452 4215 conspicatum.
1472 4143 1651 4214 θεασάμενος
1659 4145 1740 4200 solsol.

1001 4236 1038 4288 Il.
1058 4237 1086 4288 Σ
1103 4239 1167 4288 486.
1204 4236 1281 4290 eVll
1303 4234 1414 4290 debebat
1431 4237 1456 4291 V
1477 4238 1524 4303 (eet
1543 4238 1566 4288 Ζ
1579 4252 1633 4304 pro
1649 4236 1684 4300 Ε)
1704 4234 1739 4301 cf.

1001 4323 1198 4393 Prolepomeno
1218 4341 1247 4391 p.
1267 4328 1302 4377 13
1325 4324 1391 4378 adra.
1411 4330 1453 4378 19.
1479 4324 1601 4379 iuvenire
1624 4342 1693 4378 num
1709 4324 1741 4377 in

1001 4413 1122 4480 cample
1157 4409 1249 4482 αἱρεῖν
1280 4414 1311 4466 in
1343 4408 1437 4484 ripeta
1469 4421 1631 4482 corruptum
1661 4412 1741 4467 crat?

1002 4518 1027 4557 ιδ
1037 4501 1229 4556 existimentur
1243 4502 1273 4556 V.
1303 4502 1496 4558 existimantur
1508 4503 1609 4559 Dura.
1646 4521 1671 4557 1s
1680 4502 1740 4556 fue·

1002 4589 1050 4644 rit:
1070 4590 1161 4645 lueret
1181 4590 1211 4644 V.
1285 4610 1309 4647 ss
1329 4608 1422 4661 passo:
1442 4608 1522 4662 posse
1547 4592 1576 4646 V.
1623 4608 1687 4646 eta
1711 4592 1740 4646 V.

1001 4695 1027 4734 ae
1047 4686 1112 4732 ano
1130 4696 1236 4734 earum:
1256 4681 1283 4734 in
1303 4682 1452 4736 BMPRV.
1480 4698 1531 4736 orn.
1546 4681 1583 4735 D.
1638 4699 1664 4737 se
1680 4687 1742 4749 post

1002 4768 1154 4823 exoriente:
1174 4770 1236 4825 Sole
1261 4770 1289 4823 V.
