3894 5708
338 263 379 325 34

338 441 371 506 dl
400 433 539 524 ιίοτίρας
562 437 615 503 ἐπὶ
639 437 700 521 μὲν
723 444 780 522 τῆς
802 439 948 520 κεφαλῆς
970 439 1141 519 λαμπρσυς
1162 429 1202 519 γ’,
1230 430 1284 499 ἐπὶ
1309 431 1344 498 δὲ
1367 437 1429 498 τοῦ
1452 425 1604 518 σώματος
1627 427 1690 507 ἕως
1712 436 1770 517 τῆς
1791 424 1873 513 κέρ-

337 572 400 613 κου
423 544 473 629 ιβ’.
520 553 630 612 contra
653 546 770 610 Aratus
792 565 818 607 v.
842 543 885 606 55

742 714 818 788 οὐδ’
840 718 911 799 olor
934 725 1062 804 κεφαλῇ
1086 716 1303 805 {astrinxerat
1327 713 1440 805 ἀστήρ,

491 885 495 895 .
584 823 666 895 ἄλλα
691 826 751 894 odo
775 825 967 914 κροτάφοις,
991 824 1051 893 drio
1076 821 1109 892 δ’
1132 821 1287 911 ὄμμασιν·
1312 821 1357 903 είς
1381 819 1414 891 ‹l'
1438 818 1626 910 ὑπένερθεν

584 929 736 1024 ἐσχατιὴν
759 935 866 1021 ἐπέχει
888 936 1007 1021 γένυος
1030 937 1154 1001 δεινοῖο
1177 930 1342 1020 πελώρου.

337 1119 473 1202 quinque
496 1118 592 1201 igitur
614 1118 648 1180 in
670 1119 773 1200 eapite
796 1116 904 1181 stellas
928 1115 1052 1193 Aratus,
1074 1123 1139 1181 tres
1166 1115 1311 1199 Epitome
1334 1115 1563 1200 enurnerat⁶⁷);
1591 1114 1698 1199 itaque
1725 1114 1759 1178 hi
1781 1118 1872 1178 cata-

335 1225 399 1307 logi
422 1226 462 1289 ab
486 1225 621 1300 homine,
644 1225 697 1307 qni
722 1224 854 1288 Aratum
877 1225 1100 1287 commentario
1125 1224 1279 1287 instruere
1302 1223 1444 1298 voluerit,
1467 1222 1586 1287 eondIti
1610 1243 1677 1287 esse
1699 1226 1872 1304 nequeunt.

426 1334 511 1410 Quare
530 1332 659 1395 sirecte
678 1332 913 1415 disputavimus,
932 1337 1001 1395 tota
1018 1352 1068 1394 res
1087 1331 1133 1394 ita
1150 1352 1217 1394 sese
1235 1330 1340 1394 habet.
1368 1329 1592 1394 Eratosthenes
1610 1329 1726 1393 librum
1744 1328 1874 1411 scripsit

336 1460 398 1521 quo
426 1445 458 1503 et
484 1438 608 1503 fabulas
635 1460 716 1520 (luae
743 1438 783 1503 ad
811 1439 916 1503 sidera
942 1438 1138 1521 pertinerent
1165 1459 1203 1502 ex
1231 1436 1436 1521 scriptoribus
1459 1437 1621 1522 postisque
1644 1435 1815 1520 conligeret
1839 1441 1874 1500 et

336 1546 474 1630 singulas
501 1545 661 1628 signorum
688 1545 796 1610 stellas
823 1551 1028 1610 enumeraret.
1074 1545 1184 1609 eodem
1210 1544 1292 1608 libro
1320 1544 1398 1608 alias
1426 1564 1563 1628 quoque,
1590 1565 1670 1625 quae
1697 1543 1738 1607 ad
1764 1542 1875 1607 sidera

336 1652 529 1736 spectabant,
552 1652 751 1734 quaestiones
773 1658 925 1717 tractatas
949 1652 1044 1717 fnisse
1063 1652 1128 1715 veri
1152 1651 1252 1716 simile
1276 1657 1331 1727 est,
1355 1653 1409 1716 sed
1432 1650 1536 1715 adhuc
1558 1651 1653 1716 certis
1675 1650 1873 1732 argumentis

336 1759 477 1824 evincere
501 1780 629 1843 nequeo,
674 1759 784 1823 titulus
807 1767 911 1824 autem
933 1759 1007 1823 huie
1027 1757 1111 1824 libro
1133 1765 1203 1823 erat
1225 1754 1480 1842 Kordloyor3⁶⁸)
1508 1758 1554 1822 ita
1577 1756 1659 1821 enim
1683 1762 1812 1821 vocatur
1836 1756 1871 1821 in

336 1866 462 1930 scholiis
481 1865 585 1930 Iliacis
602 1870 637 1931 X
653 1867 703 1942 29,
722 1865 775 1929 nbi
795 1888 833 1930 ex
850 1866 913 1931 illis
929 1867 1022 1930 Icarii
1042 1866 1140 1930 fatum
1159 1887 1287 1948 prorsus
1306 1865 1414 1928 eodem
1435 1866 1527 1929 modo
1546 1869 1702 1939 narratur,
1720 1870 1816 1947 atque
1836 1865 1872 1927 in

336 1972 567 2037 Catasterismis
594 1972 711 2037 farctum
739 1995 806 2038 esse
833 1973 1051 2038 intelleximus.
1097 1971 1135 2037 ef.
1163 1972 1265 2036 Hiller
1288 1972 1486 2036 Eratosthen.
1515 1972 1641 2035 carmin.
1686 1971 1741 2036 rel.
1764 1993 1792 2054 p.
1818 1971 1872 2035 68.

335 2100 436 2162 neque
459 2080 541 2143 enim
565 2079 773 2144 dubitandum
796 2102 863 2145 esse
885 2080 1019 2156 videtur,
1043 2081 1118 2164 quin
1142 2081 1174 2143 in
1197 2078 1323 2144 scholiis
1347 2080 1379 2142 in
1403 2078 1534 2143 Iliadem
1556 2100 1620 2142 non
1642 2080 1874 2161 compendium,

336 2186 392 2251 sed
427 2188 597 2269 genuinum
628 2186 848 2251 Eratosthenis
880 2209 958 2270 opus
990 2186 1194 2269 significatum
1230 2186 1309 2250 illud
1341 2186 1438 2268 igitur
1471 2181 1657 2268 Κατᾶλογοι
1689 2184 1767 2268 (scil.
1799 2192 1874 2249 τῶν

336 2287 494 2378 ἄστρων),
516 2294 576 2357 hoc
594 2295 858 2378 Καταστερισμοί
881 2294 1066 2377 inscriptum
1089 2292 1184 2357 fnisse
1207 2293 1352 2357 arbitror.
1376 2293 1431 2357 sed
1454 2315 1523 2357 eum
1547 2293 1579 2357 in
1598 2291 1724 2357 scholiis
1743 2292 1775 2356 in
1793 2291 1874 2357 Ilia-

336 2401 406 2464 dem
435 2400 619 2483 conscriptis
642 2400 809 2484 Catalogos
837 2402 932 2466 semel
959 2401 1132 2483 exscriptos
1159 2422 1226 2465 esse
1253 2404 1387 2476 constet,
1410 2399 1578 2464 videndum
1600 2405 1660 2474 est,
1687 2421 1761 2463 num
1785 2400 1873 2464 idem

336 2507 459 2590 saepius
482 2505 600 2572 facturn
623 2507 672 2573 sit.
709 2514 805 2592 atque
827 2530 907 2593 quae
931 2509 971 2573 ad
994 2507 1101 2572 0229
1126 2509 1165 2571 de
1184 2507 1267 2572 Iovis
1285 2508 1421 2591 pueritia
1439 2506 1595 2589 leguntur,
1618 2505 1739 2571 Musaei
1757 2528 1872 2571 narra-

335 2615 424 2690 tioni,
446 2634 525 2698 quae
549 2613 581 2678 in
605 2614 834 2680 Catasterismis
853 2614 932 2679 XIII
955 2615 1092 2691 extabat,
1115 2620 1181 2679 tam
1204 2614 1319 2678 similia
1342 2620 1424 2689 sunt,
1447 2620 1482 2677 ut
1504 2612 1545 2677 ad
1566 2611 1733 2696 Catalogos
1750 2612 1874 2679 referre

335 2743 398 2787 non
430 2720 653 2797 dubitaverim,
685 2723 869 2804 praesertim
901 2744 980 2800 cnm,
1003 2722 1115 2786 ultima
1143 2720 1238 2786 verba
1270 2719 1430 2785 ἐντεῦθεν
1458 2711 1562 2784 αὐτόν
1589 2737 1692 2801 φασιν
1721 2718 1874 2803 αἰγίοχον

335 2833 650 2915 προσαγορευθῆναι
676 2827 795 2893 Musaei
818 2850 941 2893 versum
964 2828 1095 2894 reddere
1118 2829 1297 2904 videantur,
1324 2829 1412 2893 euius
1435 2813 1508 2910 pars
1535 2827 1568 2890 in
1595 2825 1690 2891 schol.
1716 2826 1802 2890 Arat.
1827 2827 1870 2891 ad

336 2958 362 2999 v.
393 2936 454 3001 156
483 2959 512 3019 p.
540 2937 595 3010 66,
625 2937 640 2998 1
671 2942 795 3000 servata
825 2943 874 3000 est
906 2935 1050 3020 αἰγίοχος
1078 2931 1289 3021 κικλήσκεται
1318 2926 1561 3018 ἀνθρώποισιν.
1607 2933 1751 2998 similiter
1787 2956 1872 3016 quae

335 3043 376 3108 ad
404 3047 438 3107 Σ
461 3043 526 3107 486
555 3043 598 3127 (p.
620 3042 695 3119 169,
726 3043 908 3118 10-179,
939 3046 979 3107 10
1008 3043 1115 3127 Ilind.)
1148 3044 1187 3106 de
1219 3042 1384 3126 Hyadibus
1416 3048 1449 3104 et
1481 3039 1643 3104 Pliadibus
1674 3039 1875 3118 adferuntur,

335 3171 404 3215 cum
428 3150 536 3214 eadem
559 3150 609 3214 vel
632 3170 669 3213 ex
692 3149 803 3214 iisdem
827 3149 1007 3214 :uictoribus
1031 3151 1157 3214 Musaeo
1185 3149 1346 3225 nimirum,
1374 3148 1486 3224 Arato,
1513 3147 1692 3231 Pherecyde
1721 3149 1752 3211 in
1776 3146 1872 3212 Cata-

336 3257 487 3322 sterismis
510 3263 639 3321 narrata
660 3256 756 3320 fuisse
779 3257 1031 3332 intellexerimus,
1054 3256 1094 3321 ad
1119 3255 1286 3337 Catalogos
1309 3254 1475 3320 referenda
1498 3275 1564 3319 esse
1588 3255 1742 3319 videntur.
1777 3276 1872 3337 prae·

336 3363 450 3427 cedunt
477 3363 509 3426 in
537 3363 646 3427 eodem
674 3363 791 3428 scholio
819 3365 899 3427 (luae
927 3363 1123 3439 historiolae,
1155 3384 1288 3446 quarum
1321 3385 1415 3426 unam
1443 3382 1524 3444 qnae
1552 3366 1600 3426 est
1627 3362 1667 3425 de
1695 3361 1811 3427 Orione
1839 3368 1872 3426 et

336 3468 498 3533 Pliadibus
521 3471 553 3534 in
577 3469 808 3535 Catasterismis
831 3471 972 3535 extitisse
996 3476 1127 3546 constat,
1150 3469 1251 3534 altera
1274 3472 1317 3552 (p.
1339 3469 1410 3545 169,
1435 3469 1558 3551 ’ί-ῙΟ)
1581 3469 1691 3532 eadem
1709 3474 1766 3544 est,
1789 3490 1871 3551 quae

336 3576 442 3660 paullo
469 3582 541 3660 post
569 3597 606 3640 ex
630 3576 728 3641 Arato
756 3583 902 3642 narratur
926 3577 968 3661 (p.
998 3579 1068 3654 170,
1094 3578 1215 3658 1-4);
1242 3578 1297 3640 sed
1325 3575 1399 3639 huic
1425 3575 1517 3640 alteri
1545 3575 1657 3640 addIta
1679 3581 1752 3639 sunt
1774 3574 1871 3639 verba

336 3675 355 3768 ι)
375 3680 504 3767 ἱστορία
522 3675 613 3767 παρὰ
632 3695 702 3760 τοῖς
721 3688 901 3762 avaram,
920 3705 999 3767 quae
1018 3690 1122 3748 tamon
1142 3684 1183 3748 ad
1202 3683 1337 3767 priorem
1357 3704 1482 3766 quoqne
1499 3681 1618 3748 referre
1636 3682 1746 3759 nolim3
1765 3686 1870 3747 statuo

335 3791 440 3875 potius
471 3791 607 3874 priorem
638 3812 675 3855 ex
704 3791 876 3873 Catalogis‚
907 3790 1113 3873 posteriorem
1140 3813 1178 3854 ex
1205 3790 1329 3874 cyclicis
1356 3791 1528 3874 profectam
1556 3809 1622 3854 esse
1649 3789 1870 3853 narrationem.

336 3903 446 3961 contra
468 3918 547 3981 quae
571 3897 611 3962 ad
635 3899 767 3962 eundem
791 3898 920 3962 Homeri
943 3918 1065 3962 versum
1088 3897 1193 3980 paullo
1216 3904 1288 3980 post
1310 3919 1339 3981 p.
1366 3897 1437 3973 171,
1460 3894 1570 3960 5-20
1593 3897 1632 3960 de
1655 3896 1772 3962 Orione
1795 3918 1869 3978 pro·

336 4003 437 4068 fertur
464 4002 584 4079 sabula,
613 4024 681 4067 eam
709 4005 749 4067 ad
773 4004 941 4087 Catalogos
963 4003 1082 4069 referre
1102 4027 1167 4069 non
1190 4005 1298 4068 ausim.
1345 4025 1425 4086 quae
1447 4024 1636 4087 quamquam
1659 4002 1868 4068 Aristomachi

335 4111 507 4175 narrationi
545 4133 638 4194 quarn
674 4110 757 4175 inter
793 4110 1086 4176 Catasterismorum
1122 4110 1301 4194 fragmenta
1332 4110 1452 4174 XXXII
1485 4110 1588 4192 recepi
1624 4110 1658 4172 in
1690 4108 1869 4173 universum

336 4216 495 4281 simillima
517 4224 574 4293 est,
598 4223 701 4281 tamen
726 4239 762 4282 eo
786 4217 901 4293 differt,
924 4219 1007 4301 quod
1030 4239 1081 4282 res
1104 4218 1170 4283 illic
1192 4217 1322 4293 Thebis,
1345 4218 1397 4280 hio
1419 4217 1582 4300 Tanagrae
1605 4216 1723 4299 agitur3
1746 4222 1813 4280 tum
1837 4217 1869 4281 in

335 4323 462 4389 scholiis
494 4323 598 4389 Iliacis
629 4324 841 4406 Euphorionis
873 4346 985 4389 nornen
1017 4325 1209 4409 adscriptum
1243 4331 1291 4388 est
1322 4324 1373 4409 (el.
1407 4323 1552 4387 Meinelre
1582 4322 1671 4386 Anal.
1701 4321 1868 4387 Alexandr.

335 4454 364 4513 p.
394 4431 480 4516 133),
508 4432 642 4514 denique
666 4431 773 4495 sabula
795 4431 890 4496 simili
915 4432 1009 4496 modo
1036 4432 1189 4521 amultis
1217 4438 1346 4496 narrata
1373 4436 1454 4506 erat3
1482 4429 1545 4494 iam
1573 4429 1727 4493 Pindarus
1751 4428 1802 4515 (fr.
1826 4429 1865 4493 51

424 4661 458 4719 Μ)
478 4662 517 4715 Cf.
537 4678 620 4730 supra
639 4680 664 4730 p.
684 4663 726 4715 99.

425 4751 458 4810 ⁰⁸)
476 4747 585 4820 ίσιορεῑ
601 4746 807 4820 Ἐρατοσθένης
831 4747 862 4803 r'v
885 4756 943 4814 τοῖς
962 4745 1065 4804 ἑανιοῖ·
1084 4745 1253 4819 autulii-sorr
1272 4752 1340 4804 Vcn.
1360 4752 1390 4803 B.
1411 4771 1426 4817 η
1446 4747 1557 4818 ἱστορία
1576 4745 1653 4817 παρὰ
1672 4745 1868 4818 Ἐρατοσθενει

335 4840 404 4893 Ven.
424 4841 457 4894 A.
