3900 5706
230 384 253 423 ‚r
291 382 313 417 ¹·
351 374 451 431 senor.
471 372 562 429 Genu
584 373 616 429 Ga
635 390 660 443 p.
683 373 740 437 129,
762 374 802 428 14.
997 406 1001 417 ·

295 1577 376 1642 Sunt
389 1584 495 1641 autem
505 1578 616 1642 stellae
624 1600 687 1643 non
701 1579 834 1643 multum
844 1580 946 1663 splen·

251 1686 337 1749 doris
363 1683 516 1749 habentes
544 1706 644 1769 nequo
672 1709 693 1750 a
718 1709 751 1751 se
778 1687 946 1770 plurimum

251 1792 419 1867 distantes,
440 1793 623 1875 inquorum
647 1794 750 1859 medio
770 1796 801 1857 in
820 1794 947 1859 modum

250 1902 410 1984 praesepis
446 1900 610 1965 stellarum
646 1902 774 1985 quidam
810 1901 947 1966 ambitus

207 2016 239 2071 15
250 2014 305 2073 est.
343 2008 392 2072 oui
412 2007 484 2072 illae
504 2010 699 2091 proeminent
717 2032 780 2074 una
798 2009 838 2073 ab
857 2011 946 2091 squi-

249 2116 334 2192 lone,
366 2114 468 2179 altera
499 2115 540 2181 ab
568 2121 684 2180 omno.
739 2116 947 2181 autumabant

249 2231 356 2287 autem
382 2222 506 2288 eosdem
534 2224 639 2288 asinos
661 2225 793 2307 gent-iles
816 2226 947 2288 deornm

249 2352 375 2396 suorum
394 2330 524 2415 Dionysi
544 2330 703 2408 videlicet,
728 2332 781 2414 qui
801 2338 833 2396 et
851 2331 947 2397 Liber

248 2446 352 2521 pater,
376 2446 408 2502 et
430 2438 561 2502 Vulcani
586 2438 650 2502 sive
668 2439 764 2503 Sutiri
787 2439 945 2504 veliioulos

204 2546 359 2623 20fuisse‚
382 2545 496 2628 quibus
520 2546 657 2611 oscensis
681 2568 749 2611 oum
769 2554 879 2611 eontra
896 2548 945 2630 gi-

249 2658 359 2736 gantes
391 2653 432 2717 od
459 2652 578 2717 bellum
605 2656 812 2737 procederent
839 2660 872 2719 et
898 2655 945 2718 illi

249 2761 384 2825 naturali
409 2761 475 2824 zolo
496 2764 618 2863 ncoensi
636 2762 702 2826 viso
720 2761 858 2825 tumultu
876 2762 946 2825 diro

249 2890 319 2933 oum
333 2890 491 2932 murmure
505 2869 671 2951 rugierunt,
685 2869 828 2952 gigantes
837 2890 945 2933 eorum

249 2977 354 3060 rugitu
378 2975 540 3059 perterriti
558 2977 764 3059 conpendium
785 2975 877 3058 fugae
895 2999 945 3040 nr-

204 3094 240 3145 25
249 3082 414 3165 ripuorint,
427 3089 458 3148 et
472 3082 637 3148 oonfostim
652 3083 696 3148 dii
711 3085 750 3148 do
764 3084 946 3166 gigantibus

249 3190 522 3273 triumphaverint,
541 3197 574 3255 et
591 3190 709 3256 ideireo
728 3215 781 3256 eos
800 3212 945 3254 unacum

250 3298 390 3382 praesepi
415 3321 471 3362 suo
497 3300 577 3363 inter
599 3306 686 3362 aslis
708 3298 945 3363 oonlornvorint.

253 3405 329 3469 lulis
346 3404 471 3487 'prcidrm
491 3398 594 3469 euim
611 3406 776 3487 prutilium
790 3405 944 3481 socordio,

253 3513 309 3593 qui
332 3513 404 3576 ‹loos
427 3535 499 3575 sinn·
522 3534 586 3577 oron
605 3513 750 3593 propriis
768 3513 867 3575 (onds
892 3533 946 3577 noc

204 3633 239 3679 :nr
252 3619 378 3696 viribus
397 3621 452 3683 sod
465 3622 630 3684 osinorron
644 3619 800 3701 rupilidus
815 3621 946 3700 adeptos

248 3726 347 3804 tuisse
366 3728 582 3807 (piinulmntrn
602 3728 772 3791 uictori-uin.

240 4133 342 4188 ursive
362 4135 424 4203 lepit
443 4128 460 4202 η’
475 4152 529 4203 pro
548 4139 605 4190 καὶ,
704 4155 729 4191 sn
749 4137 806 4190 riso
826 4136 943 4190 tumultu

203 4230 255 4275 etc.
272 4239 418 4293 perperam
437 4227 477 4278 ito
496 4225 587 4279 reddit
606 4221 777 4294 ἑωραμένων
796 4245 821 4279 κ.
841 4245 864 4279 r.
884 4229 907 4279 l..

1249 374 1379 429 Hremos
1397 375 1433 438 n,
1451 375 1493 431 23.
1574 396 1578 425 ;

1044 1578 1169 1643 Dicitur
1187 1577 1281 1641 etium
1300 1577 1363 1641 alia
1375 1577 1509 1643 historia
1521 1578 1561 1643 de
1575 1576 1697 1652 Asellis

999 1693 1036 1749 ut
1058 1687 1104 1750 ait
1128 1685 1362 1750 Eratosthenes.
1399 1706 1462 1769 quo
1485 1691 1625 1768 tempore
1644 1683 1696 1748 Iu·

1000 1793 1083 1875 piter
1109 1793 1193 1857 bollo
1221 1792 1400 1876 gigantibus
1428 1791 1547 1857 indicto
1575 1792 1616 1856 ad
1643 1812 1696 1856 eos

1000 1901 1225 1984 oppugnandos
1259 1921 1367 1964 (imnos
1399 1900 1473 1964 deos
1505 1902 1696 1977 oonrooavit,

1000 2008 1120 2071 venisse
1157 2007 1306 2072 Liberum
1342 2013 1476 2090 patrem,
1514 2006 1696 2083 Vulcanum,
1708 2016 1740 2070 15

1000 2114 1138 2198 Satyros
1157 2115 1279 2179 Silenos
1292 2112 1397 2179 asellis
1411 2119 1525 2179 vectos.
1553 2114 1606 2197 qui
1625 2136 1696 2180 eum

1000 2243 1061 2284 non
1081 2222 1172 2306 longe
1191 2222 1230 2286 ab
1249 2221 1393 2287 hostibus
1412 2221 1566 2298 abessent,
1587 2223 1696 2286 dicun·

1001 2335 1052 2391 tur
1066 2330 1154 2394 aselli
1170 2330 1368 2412 pertimuisse
1383 2335 1415 2394 et
1429 2329 1476 2393 ita
1489 2351 1546 2412 pro
1561 2351 1593 2393 se
1609 2329 1695 2412 quis·

1000 2459 1060 2520 quo
1087 2458 1235 2519 magnum
1262 2439 1428 2502 clamorem
1460 2443 1492 2501 et
1520 2438 1695 2501 inauditum

999 2544 1179 2627 gigantibus
1198 2545 1317 2611 secisse.
1341 2548 1375 2608 ut
1393 2566 1500 2608 ornnes
1518 2544 1626 2608 hostes
1645 2554 1741 2609 eo-20

1000 2674 1068 2715 rum
1096 2650 1231 2717 elamore
1259 2652 1290 2714 in
1318 2650 1424 2733 fugem
1451 2674 1484 2716 se
1507 2650 1696 2716 coniecerint

1000 2766 1032 2821 et
1051 2759 1097 2823 itu
1115 2759 1179 2823 sint
1197 2759 1345 2841 superati.

1078 4132 1268 4188 Tssrruournt
1288 4150 1372 4186 esser.
1395 4134 1480 4203 llplb.
1506 4133 1566 4187 Vol.
1587 4134 1606 4186 I
1622 4138 1663 4187 11.

1035 4240 1058 4277 ri
1078 4222 1236 4277 convocavit
1257 4222 1393 4276 nl’nvn.
1431 4232 1607 4277 convocasset
1628 4223 1710 4276 M²D.
