3894 5708
365 350 465 407 Sonos.
485 349 577 406 (ἕω.
597 350 629 406 G.
652 368 679 421 p.
701 352 759 418 164,
781 353 821 407 17.
1264 356 1395 412 Hsorrus
1413 357 1448 423 11,
1466 358 1509 413 34.
1695 360 1757 427 165

214 3097 250 3151 25
304 3088 541 3156 Aristomachus
585 3098 691 3157 autem
741 3094 831 3170 dicis,
885 3116 956 3159 eum
1054 3095 1289 3160 Aristomachus
1316 3100 1423 3159 eutem
1450 3094 1527 3158 dicit
1549 3096 1751 3177 queudsm25

258 3200 389 3280 propter
424 3197 572 3262 iniuriam
608 3198 770 3265 cuiusdam
800 3204 890 3285 pueri
923 3203 955 3266 in
1009 3202 1124 3268 Ostrea
1146 3200 1242 3266 fuisse
1264 3201 1391 3278 Thebis,
1413 3200 1579 3266 Pindarus
1602 3211 1706 3266 autem

258 3301 420 3369 Thebaide
454 3303 522 3370 Iovi
553 3305 699 3389 Neptuno
734 3316 766 3373 et
798 3308 955 3374 Mercurio
1009 3309 1177 3374 ininsula
1202 3306 1288 3372 osio.
1312 3308 1536 3384 humentem,
1559 3329 1630 3373 eum
1653 3307 1705 3372 10-
1769 3353 1771 3357 -

258 3409 370 3475 bovem
392 3411 584 3491 immolasse,
610 3413 698 3479 euius
724 3415 812 3482 bovis
835 3417 955 3481 corium
1009 3439 1078 3483 vem
1101 3423 1134 3481 et
1156 3414 1346 3481 Mercurium
1368 3413 1506 3499 hospitio
1529 3415 1707 3498 recepisset,

259 3517 391 3583 induere
422 3523 455 3583 et
488 3519 612 3584 urinam
642 3526 753 3604 potere
785 3522 827 3588 sit
853 3523 956 3589 iussus
1009 3524 1125 3609 petisse
1148 3522 1188 3588 eb
1211 3521 1275 3599 his,
1302 3527 1337 3586 ut
1364 3520 1424 3586 sibi
1448 3521 1567 3605 aliquid
1591 3521 1705 3586 libero-

215 3628 292 3688 eost
318 3624 436 3691 idcirco
463 3625 565 3691 iectus
591 3627 634 3692 sit
661 3630 895 3712 supereminens
923 3636 956 3696 et
1008 3653 1078 3695 rum
1114 3635 1302 3696 nasceretur.
1343 3628 1451 3711 itaque
1482 3649 1545 3711 quo
1583 3628 1750 3693 facilius30

258 3737 388 3815 proptor
410 3733 534 3798 urinum
557 3734 655 3800 Orion
678 3738 865 3803 nominatus.
1009 3739 1144 3822 potitum
1169 3738 1367 3820 impetraret,
1394 3735 1506 3799 bovem
1528 3736 1705 3800 immolasse

1008 3850 1041 3910 et
1073 3844 1124 3909 his
1159 3864 1217 3927 pro
1253 3841 1353 3926 epulis
1387 3843 1579 3926 adposuisse.
1621 3842 1705 3925 quod

1007 3973 1076 4017 oum
1095 3950 1229 4026 iecisset,
1251 3948 1430 4033 poposcisse
1448 3948 1553 4014 lovem
1571 3954 1604 4014 et
1622 3947 1705 4014 Mer-

1006 4057 1128 4122 curium
1164 4057 1247 4141 quod
1283 4056 1400 4121 corium
1437 4056 1477 4120 de
1507 4054 1587 4121 bove
1622 4054 1705 4121 foret

1006 4164 1193 4239 detractum,
1212 4168 1253 4239 et,
1272 4163 1357 4244 quod
1375 4160 1516 4228 fecerent
1533 4162 1653 4238 urinae,
1671 4162 1704 4224 in
1714 4168 1749 4223 35

1006 4273 1125 4336 corium
1149 4269 1301 4335 infudisse
1329 4275 1361 4334 et
1383 4270 1416 4333 id
1440 4269 1497 4334 sub
1520 4274 1608 4334 terre
1629 4269 1704 4353 poni

1041 4466 1172 4536 Hypinus
1194 4465 1381 4519 Aristomachi
1402 4466 1421 4518 i.
1445 4482 1466 4519 e.
1492 4463 1749 4518 Catootersemorum

1005 4556 1169 4608 sanctioni
1186 4556 1281 4608 alueo
1299 4553 1430 4608 admucet
1446 4553 1567 4618 sortasse
1579 4569 1614 4607 ex
1628 4553 1751 4607 I’indms'

1006 4644 1187 4712 dithyrambis
1209 4648 1328 4711 sumpto.
1351 4643 1417 4696 hinc
1439 4657 1547 4709 quoquc
1568 4641 1676 4707 factum
1695 4658 1749 4696 esse

1001 4738 1081 4802 puto,
1099 4739 1132 4787 ut
1151 4732 1278 4800 Neptsmi
1295 4731 1395 4786 mentio
1414 4731 1514 4785 creusa
1531 4730 1574 4785 sit.

242 4835 272 4875 κ
291 4818 392 4873 Cetres
405 4820 532 4874 BDMR.
561 4822 660 4877 Cretes
675 4822 707 4876 P.
740 4823 904 4877 Osthsresm
925 4821 958 4875 G.
981 4821 1087 4892 Hyries
1105 4821 1285 4875 Mrsnckms.
1321 4821 1412 4889 recepi
1435 4818 1529 4874 σαίνει·
1550 4836 1650 4874 nomen
1671 4820 1747 4873 Bur·

201 4908 292 4964 siano
311 4908 464 4979 cenwine,
489 4927 659 4980 quemquam
682 4928 743 4966 mem
766 4911 847 4965 cetess'
868 4916 946 4966 testes
968 4917 1027 4966 tum
1047 4910 1162 4965 Ovidius
1187 4911 1253 4977 sust.
1277 4909 1304 4963 V
1318 4913 1374 4963 499
1394 4910 1465 4963 miro
1487 4924 1622 4965 cosumus
1640 4908 1749 4981 Hyriea

200 4998 366 5055 maest.
437 5016 464 5057 ss
481 5000 629 5061 Pindarus:
648 5018 673 5062 v,
690 5000 792 5071 frapm.
811 5004 846 5055 51
864 5000 962 5070 Berpk.
1035 5017 1060 5059 ss
1079 4999 1243 5072 recepisset:
1262 4999 1430 5071 suscepisset
1447 4998 1481 5055 R.
