3894 5708
1628 396 1671 459 43

135 561 199 635 τόν
216 566 395 637 Διόνυσον·
420 569 548 649 ἐκείνας
572 569 607 635 δὲ
630 561 649 634 ό
669 559 751 647 Ζεύς
774 563 908 654 ἐλεήσας
930 568 1173 654 κατηστέρισεν.
1212 595 1232 656 η
1256 567 1385 657 ἱστορία
1408 565 1500 657 παρὰ
1527 576 1627 656 Φερε-

135 674 239 742 κύδει.
289 670 349 756 τὰς
379 677 441 763 μὶν
473 675 771 765 κατηστερισμένας
803 673 839 739 έν
870 681 920 759 τῷ
951 672 1097 760 μετώπῳ
1128 684 1190 741 τοῦ
1226 674 1353 762 Ταύρου
1377 670 1493 756 Ὑάδας
1524 681 1628 761 φασίν

136 781 305 869 εἰρῆσθαι,
336 776 395 861 τάς
427 783 463 849 δε
495 781 551 849 ίπί
580 790 638 870 τῆς
664 775 828 870 ἡμιτόμου
854 785 999 868 πλευρᾶς
1027 778 1194 869 Πληϊάδας
1220 788 1404 850 καλεῖσθαι.
1455 778 1628 862 Ἄτλαντος

134 880 198 975 γάρ
221 897 283 955 τοῦ
304 882 453 956 Ἰαπετοῦ
475 892 532 955 καί
555 889 686 976 Αἴθρας
709 895 766 976 τῆς
792 880 961 968 Ὠκεανοῦ,
994 885 1086 955 καθά
1118 907 1197 976 φησι
1229 893 1414 972 Μουσαῖος,
1446 892 1629 978 θυγατέρες

136 991 268 1061 δώδεκα
296 999 350 1062 καί
379 989 452 1074 υίὸς
472 987 555 1074 Ὕας.
601 1004 726 1063 τοῦτον
755 994 791 1060 έν
819 991 924 1078 Λιβύῃ
951 1002 1199 1081 κυνηγετοῦντα
1227 990 1303 1079 ὄφις
1334 1001 1470 1064 κτείνει·
1503 1002 1557 1065 καί
1592 997 1653 1064 αίῦ

134 1101 197 1185 μὶν
224 1099 249 1166 ε’
276 1095 338 1168 τόν
366 1095 513 1185 άδελφδν
540 1109 726 1190 θρηνοῦσαι
754 1093 960 1168 ἀπόλλυνται
988 1094 1042 1166 διὰ
1072 1099 1196 1188 λύπην,
1233 1095 1271 1181 ἃς
1299 1096 1341 1169 δι’
1374 1101 1490 1172 οίκτον
1522 1130 1624 1171 κατα·
1693 1158 1697 1165 .

136 1210 287 1293 στερίσας
310 1202 329 1274 ό
353 1201 436 1288 Ζεύς
454 1202 570 1286 Ὑάδας
594 1207 811 1293 ἐπωνόμασεν·
835 1208 1008 1297 ἐπωνυμίᾳ
1030 1217 1093 1274 τοῦ
1115 1202 1272 1291 άδεληοῦ,
1314 1211 1347 1277 αί
1372 1213 1405 1278 δὲ
1431 1209 1457 1295 ζ’
1479 1213 1627 1298 βραδέως

133 1315 198 1399 μὲν
220 1317 357 1393 πλείους
380 1316 416 1380 δε
439 1308 674 1382 ἀποθανοῦσαι
699 1311 860 1402 Πληϊάδες
884 1314 1038 1402 εἴρηνται.
1080 1312 1266 1405 Φερεκύδης
1290 1317 1335 1397 δὲ,
1358 1312 1450 1385 καθὰ
1473 1323 1626 1407 προείρη-

135 1446 201 1501 ται,
224 1415 282 1500 τάς
296 1415 413 1500 Ὑάδας
431 1424 631 1500 Δωδωνίδας
653 1420 784 1507 νύμφας
803 1423 904 1509 φησίν
923 1417 1008 1487 είναι
1027 1424 1083 1487 καὶ
1101 1420 1266 1488 Διονύσου
1284 1417 1441 1509 τροφούς,
1464 1417 1503 1503 άς
1520 1451 1626 1512 παρα-

136 1529 351 1596 καταθέσθαι
368 1521 431 1595 τόν
449 1525 614 1595 Διόνυσον
633 1523 710 1595 Ἰνοῖ
732 1520 785 1595 διά
808 1522 870 1594 τόν
882 1520 980 1615 Ἥρας
998 1526 1117 1610 φόβου,
1140 1523 1225 1595 καθ’
1244 1520 1285 1596 όν
1308 1524 1427 1616 καιρόν
1446 1525 1548 1611 αύτάς
1570 1536 1624 1599 καί
1638 1546 1671 1596 10

135 1638 331 1720 Λυκοῦργος
359 1635 504 1720 ἐδίωξεν.
549 1644 620 1701 τοῖν
645 1636 678 1701 δὲ
703 1632 883 1723 Πληϊάδαιν
907 1629 1019 1701 οὐσῶν
1043 1628 1127 1701 ἑπτὰ
1155 1633 1246 1702 πάνυ
1274 1629 1420 1723 ἀμαυρός
1446 1631 1464 1702 ό
1489 1636 1628 1725 ἕβδομος

135 1735 240 1829 άστήρ
264 1742 363 1808 ἐστιν.
406 1736 453 1822 ὡς
475 1743 536 1828 μὲν
559 1738 691 1830 Ἄρατος
714 1741 751 1807 έν
773 1750 822 1828 τῷ
844 1735 931 1828 πρὸς
956 1739 1158 1827 Θεόπροπον
1182 1742 1359 1830 ίπικηδείῳ
1383 1748 1483 1832 φησὶν
1510 1751 1626 1831 Τροίας

136 1849 376 1937 πορθουμένης
394 1841 455 1937 τὴν
475 1847 649 1935 Δαρδάνου
667 1848 790 1935 μητέρα
809 1842 983 1935 Ἠλέκτραν
1000 1851 1079 1934 μίαν
1098 1838 1203 1914 οὖσαν
1221 1858 1292 1914 τιῦν
1311 1849 1491 1939 Ιίληῖάδοιν
1509 1869 1627 1939 φυγεῖν

134 1979 171 2019 τε
199 1947 261 2042 τὴν
289 1964 360 2022 τιῦν
384 1949 540 2038 άδελφιῦν
564 1953 709 2022 σύνοδον
732 1958 787 2020 καί
815 1948 874 2033 τάς
900 1953 1006 2040 κόμας
1033 1953 1180 2022 λύσασαν
1204 1955 1309 2021 ένίοτε
1334 1954 1481 2046 κομήτην
1505 1953 1627 2046 άστέρα

135 2062 327 2143 φαίνεσθαι.
370 2066 448 2151 φησί
473 2065 508 2130 δὲ
531 2065 588 2129 καί.
606 2056 795 2141 Ἑλλάνικος
818 2062 855 2128 έν
877 2071 926 2148 τῷ
950 2059 1076 2149 πρώτῳ
1099 2071 1169 2128 τῶν
1194 2055 1414 2129 ι’ίτλαντικιῦν
1437 2059 1496 2144 τὰς
1518 2067 1579 2152 μέν
1602 2065 1625 2151 ς’
1639 2080 1671 2132 15

136 2174 232 2244 θεοῖς
255 2174 446 2247 συνελθεῖν,
474 2171 637 2257 Ταϋγέτην
660 2171 725 2249 Διί,
748 2159 798 2234 τόν
820 2170 976 2254 γενέσθαι
1000 2173 1248 2255 Λακεδαίμονα,
1270 2175 1384 2236 Μαῖαν
1407 2175 1472 2250 Διὶ,
1495 2167 1554 2258 εἶφ’
1577 2165 1627 2241 τόν

131 2267 258 2361 Ἑρμῆς,
276 2269 451 2364 Ἠλέκτραν
469 2279 530 2352 Διί,
553 2266 603 2342 ὦν
622 2273 800 2362 Δάρδανος,
820 2269 999 2364 ι’ίλκυόνην
1018 2271 1215 2356 Ποσειδῶνι,
1234 2262 1283 2342 ὥν
1297 2271 1429 2364 Ἱριεύς,
1448 2279 1626 2370 Στερόπην

137 2376 230 2465 Ἄρει,
249 2372 298 2447 τόν
320 2382 497 2468 Οἰνόμαος·
522 2376 674 2449 Κελαινώ
693 2385 880 2448 Ιίοσειόιῦνι
899 2386 953 2449 καί
974 2377 1078 2472 αὐτὴν
1098 2382 1326 2470 συγγενέσθαι,
1350 2377 1399 2450 σίν
1420 2384 1538 2466 Λύκος,
1559 2393 1625 2454 Με-

136 2485 249 2576 ρόπην·
273 2490 308 2554 δὲ
332 2487 474 2574 Σισύφῳ
498 2497 615 2577 θνητῷ
640 2484 723 2569 όντι,
747 2480 797 2555 ὦν
821 2495 986 2568 Γλαῦκος·
1012 2484 1141 2557 διὸκαὶ
1167 2484 1319 2577 άμανρίιν
1342 2490 1436 2559 είναι,

224 2756 237 2794 ι
258 2741 405 2803 Μουσαῖος
421 2740 522 2806 scripsi
538 2738 573 2804 cs.
592 2755 680 2807 οιιμνο
694 2755 723 2807 p.
744 2743 785 2793 13.
826 2739 940 2808 Τίμαιος
963 2739 1026 2794 Ven.
1046 2742 1080 2794 A.
1159 2759 1172 2795 ο
1196 2736 1240 2795 διὰ
1259 2737 1355 2813 λύπην,
1379 2732 1413 2808 άς
1439 2743 1668 2801 θ’ίίοιιιοιιίῖιίιιο.

135 2822 187 2891 τάς
213 2827 242 2881 δὲ
271 2824 371 2892 λοιπάς
403 2828 465 2881 Ven.
495 2829 529 2881 A.
611 2844 622 2882 τ
646 2821 662 2881 ό
686 2827 797 2882 addidit
825 2827 1056 2883 Wilammm'tzius.
1099 2826 1127 2883 αί
1155 2829 1185 2884 δέ
1214 2827 1236 2898 ζ’
1264 2829 1391 2903 βραδέως
1417 2832 1471 2900 μὲν
1498 2835 1612 2897 πλείους
1638 2834 1667 2889 δὲ

134 2911 334 2971 ἀποθανοῦσαι
361 2916 591 2971 ίίῙιίοιιιοιοίίτίιιε.
629 2912 656 2970 αί
676 2915 705 2970 δέ
725 2916 838 2980 πλείους
856 2916 984 2988 βραδέως
1000 2918 1054 2985 μέν
1072 2915 1144 2987 πλὴν
1163 2914 1360 2974 ἀποθανοῦσαι
1386 2922 1450 2976 Ven.
1469 2923 1503 2976 A.
1536 2924 1669 2976 nimirum

135 3006 260 3069 πλείους,
286 3005 397 3072 quoda
421 3013 570 3061 correctore
589 3005 628 3059 οιί
651 3002 723 3075 πλὴν
745 3013 816 3060 reete
839 3008 1011 3075 αιίεοιίμῖαοι
1035 3014 1107 3077 ιναῖ,
1131 3008 1205 3073 [σίου
1228 3009 1287 3062 ίοιο
1309 3011 1337 3062 in
1363 3016 1466 3063 ίινῖιιιιι
1488 3007 1667 3079 νοσφίσας’

133 3109 280 3146 numerum
298 3095 361 3148 ειιίι
379 3094 492 3162 expulit.
