3894 5708
338 361 358 425 8

426 536 565 601 Primum
593 535 689 619 igitur
716 536 814 600 1122
840 559 869 620 p.
894 534 945 612 65,
969 535 989 598 2
1016 530 1094 599 haec
1121 533 1279 617 leguntur:
1307 533 1361 598 sed
1389 533 1445 617 qni
1472 533 1509 597 de
1539 531 1667 599 Castore
1689 537 1718 598 et
1740 530 1870 598 Polluce

337 645 459 722 6116661,
487 643 708 729 1666661166
735 643 872 722 addant,
900 649 936 707 nt
962 640 1073 706 Castor
1099 643 1135 705 in
1158 640 1274 722 oppido
1297 639 1458 722 Apbnlnls
1484 643 1526 705 sil
1554 643 1678 720 6661666,
1708 645 1869 722 6661661-

333 771 413 832 pore
439 751 688 816 Lacedaemones
715 771 785 814 cnnr
811 750 1051 815 Allrcnlensibns
1079 749 1192 813 bellurn
1217 753 1387 832 poscerant.
1439 769 1509 813 cum
1538 747 1589 814 his
1621 749 1733 813 ultima
1755 747 1869 831 capitis

337 857 433 923 verba
455 860 501 922 ita
524 858 705 934 cohaerent,
731 865 768 922 ut
795 857 901 923 (1116111
928 862 1098 940 nequeant:
1125 855 1283 920 Pollucem
1310 855 1358 920 ait
1380 855 1536 920 Homeros
1563 856 1743 920 concessisse
1768 853 1870 935 fratri

305 1010 308 1014 ι
337 965 505 1029 dimidians
527 967 633 1029 altana.
679 966 789 1047 itaque
812 965 945 1030 alternis
968 964 1076 1029 diebos
1098 984 1205 1028 cornia
1229 983 1380 1046 66661666
1402 962 1510 1026 lacere.
1553 970 1588 1027 at
1610 984 1690 1046 quae
1712 966 1806 1026 antea
1829 962 1870 1026 de

337 1072 466 1136 Castore
490 1077 522 1135 et
545 1071 670 1136 Polluce
695 1078 823 1136 narrata
844 1079 926 1149 sunt,
949 1093 994 1148 66,
1016 1093 1087 1136 cum
1110 1072 1142 1134 in
1161 1070 1306 1152 Epiteme
1325 1090 1448 1154 qnoque
1470 1074 1601 1147 exstent,
1624 1091 1663 1134 cx
1682 1068 1869 1134 6616616116-

337 1179 394 1242 mis
418 1177 544 1244 fluxisse
568 1201 691 1244 11666666
713 1184 768 1243 est
815 1179 921 1262 itaque
944 1185 1066 1245 tantum
1092 1200 1155 1242 non
1177 1178 1243 1261 1666
1267 1181 1402 1241 16616161
1424 1176 1567 1260 Hyginus
1590 1199 1623 1241 66
1646 1198 1682 1241 ea
1706 1197 1786 1258 qnae
1809 1176 1867 1239 ad-

336 1286 448 1370 scripsi
471 1286 567 1350 verba
589 1308 629 1350 ex
651 1285 882 1351 Catasterismis
906 1286 1081 1370 6661661666.
1114 1308 1119 1316 ’

424 1420 547 1484 Deinde
583 1441 663 1504 quac
690 1418 721 1483 11
750 1420 790 1484 21
819 1442 848 1503 p.
872 1420 925 1495 69,
947 1420 1060 1483 9-13
1094 1420 1133 1484 de
1160 1417 1262 1502 figura
1293 1417 1404 1482 sideris
1441 1418 1524 1502 qnod
1557 1417 1746 1499 Sagittarius
1777 1415 1869 1480 audit

336 1528 509 1603 adduntur,
541 1527 726 1591 necessitate
753 1528 888 1611 quadam
915 1527 1014 1591 coacti
1042 1527 1082 1590 ad
1111 1526 1349 1590 Catasterismos
1376 1524 1553 1602 referimus,
1581 1526 1640 1590 etsi
1667 1527 1699 1589 in
1722 1524 1870 1607 Epitome

336 1635 451 1698 omissa
481 1634 552 1698 sint.
598 1654 669 1697 nam
697 1656 767 1697 cnm
794 1639 888 1698 antea
915 1633 1119 1716 Sagittarium
1148 1655 1240 1698 crura
1267 1612 1382 1715 equina
1408 1639 1441 1697 et
1468 1635 1600 1698 caudam
1622 1632 1720 1716 satyn‘
1742 1630 1870 1705 habere,

336 1761 438 1823 neque
461 1747 566 1805 tamen
584 1746 767 1805 centaurum
786 1761 862 1816 6666,
884 1740 940 1805 6611
963 1740 1120 1805 hominem
1139 1739 1267 1805 Crotum
1286 1740 1410 1804 nominc
1430 1740 1606 1822 expositum
1624 1740 1675 1815 611,
1693 1737 1869 1804 necessario

336 1869 374 1911 ex
401 1846 489 1912 Croti
516 1848 600 1911 111166
633 1849 698 1912 vita
723 1869 761 1911 ac
792 1847 932 1912 moribus
959 1854 1025 1912 tam
1051 1847 1132 1912 mira
1159 1847 1364 1912 conformatio
1392 1847 1576 1930 explicanda
1603 1853 1659 1910 est.
1708 1865 1803 1929 quare
1830 1865 1871 1908 66

336 1975 417 2036 quae
440 1955 582 2037 Hyginus
605 1955 741 2019 66116111
767 1954 863 2020 verba
889 1954 975 2018 66116
1003 1955 1096 2020 616116
1124 1956 1230 2020 deesse
1259 1976 1348 2038 66666
1376 1976 1476 2039 neque
1503 1954 1537 2018 in
1559 1952 1791 2043 Catastensmis
1813 1953 1869 2016 de-

336 2060 431 2127 fuisse
455 2068 568 2126 statuo.

423 2194 511 2259 Inter
539 2219 577 2260 ea
607 2217 688 2278 qnae
715 2195 840 2278 Hygino
868 2217 938 2260 cum
967 2194 1111 2278 Epitome
1138 2195 1314 2259 communia
1341 2201 1415 2260 sunt
1442 2197 1523 2260 duae
1550 2200 1719 2260 occurrunt
1741 2191 1869 2257 fabulae

336 2324 374 2367 ex
392 2302 613 2386 Aglaosthenis
633 2302 759 2367 Naxicis
777 2308 919 2386 66616166
938 2302 1065 2387 (Hygin.
1085 2301 1116 2365 11
1135 2302 1156 2365 2
1173 2325 1202 2384 p.
1222 2303 1275 2378 31,
1294 2304 1335 2366 23
1355 2325 1377 2367 6.
1397 2332 1440 2359 =
1459 2304 1605 2386 Epitnme
1624 2301 1654 2365 11
1674 2324 1703 2385 p.
1722 2301 1795 2375 240,
1818 2299 1867 2364 14.

336 2414 368 2473 et
396 2410 509 2493 Hygin.
538 2408 567 2472 11
604 2410 642 2472 16
670 2431 699 2492 p.
729 2408 785 2485 56,
817 2410 838 2473 2
866 2439 909 2465 =
936 2409 1081 2492 Epitome
1108 2407 1197 2472 XXX
1224 2432 1253 2493 p.
1282 2409 1358 2487 259,
1387 2410 1457 2495 20),
1489 2431 1621 2492 quarmn
1653 2408 1745 2473 alteri
1772 2407 1870 2471 tertia

336 2515 444 2580 fabula
470 2537 550 2598 quae
578 2522 611 2580 61
638 2517 670 2579 16
694 2516 839 2599 1161161116
867 2522 899 2580 61
921 2517 1005 2599 66611
1029 2516 1187 2599 Hyginum
1211 2517 1368 2581 tricesima
1390 2538 1473 2581 nona
1495 2523 1543 2581 661
1566 2522 1631 2580 tam
1655 2522 1788 2597 cognata
1810 2519 1869 2589 661,

335 2622 478 2687 atillam
502 2644 625 2706 quoqne
649 2645 686 2686 ex
711 2623 923 2705 Aglaosthene
951 2625 1082 2706 petitam
1110 2644 1177 2688 esse
1200 2622 1292 2688 facile
1315 2645 1517 2693 66666666166
1544 2624 1594 2688 616
1640 2630 1689 2688 161
1716 2623 1812 2705 igitur
1836 2623 1869 2685 in

336 2728 566 2794 Catasterismis
593 2730 836 2812 aglaosthenem
859 2729 1037 2795 adhibitum
1064 2751 1132 2795 6666
1155 2730 1301 2807 vidimus,
1328 2737 1475 2814 quartum
1502 2730 1665 2794 adhibitus
1688 2736 1736 2793 661
1759 2729 1790 2792 16
1814 2730 1870 2806 616,

335 2857 416 2917 qnae
447 2837 531 2918 apud
564 2836 721 2920 Hyginum
749 2837 780 2900 II
816 2837 854 2900 17
879 2838 989 2919 656,
1017 2836 1058 2899 25
1088 2876 1128 2884 -
1158 2836 1210 2913 51,
1242 2838 1262 2900 3
1295 2838 1450 2921 leguntur.
1505 2859 1585 2920 quae
1617 2858 1803 2920 quamquam
1837 2838 1870 2899 in

334 2942 480 3026 Epitome
507 2944 622 3007 omissa
648 2950 721 3008 sunt
748 2945 789 3007 ad
817 2943 1057 3008 Catasterismos
1084 2943 1201 3008 referre
1230 2965 1266 3008 ec
1294 2944 1395 3009 minus
1424 2943 1650 3020 dubitabimus,
1683 2965 1744 3026 quo
1768 2944 1871 3007 rarior

335 3049 556 3132 Aglaosthenis
580 3057 628 3114 661
651 3051 683 3115 16
706 3050 895 3132 antiquitate
918 3051 1075 3116 memoria

422 3181 524 3248 Simili
545 3184 817 3266 argumentatione
844 3185 928 3248 inter
951 3183 1244 3251 Catasterismornm
1267 3183 1444 3268 fragmenta
1470 3185 1595 3269 recipie,
1623 3206 1702 3268 quae
1726 3183 1870 3266 Hyginus

335 3288 410 3352 115
439 3312 467 3372 p.
492 3290 543 3366 39,
569 3290 653 3353 1-4
682 3291 720 3355 de
749 3290 873 3355 Corona
899 3291 992 3375 plura
1018 3298 1128 3356 narrat
1160 3315 1229 3356 6616
1257 3297 1395 3368 6666166,
1429 3294 1485 3374 661
1515 3290 1637 3356 Cretica
1669 3292 1871 3371 corrscrn'psit;

334 3418 426 3480 quem
448 3397 665 3480 Epimenidem
690 3419 756 3462 esse
780 3398 876 3462 verba
898 3399 1059 3482 Epitomes
1078 3398 1197 3462 XXVII
1221 3391 1422 3483 Ἐπιμενίδης
1445 3391 1463 3462 ir
1488 3390 1529 3462 τὰ
1552 3389 1700 3484 Κρητικὰ
1724 3395 1871 3481 intencio

335 3505 560 3569 demonstrant.
598 3527 660 3587 qua
677 3527 712 3569 16
731 3505 948 3587 Epimenidem
967 3506 998 3569 in
1019 3505 1250 3570 Catasterismis
1269 3506 1458 3588 exscriptum
1473 3504 1569 3569 fuisse
1588 3512 1717 3581 6611616,
1735 3505 1871 3570 eundem

334 3608 374 3672 ab
395 3609 518 3694 Hygino
542 3611 654 3675 lectum
674 3632 740 3675 6666
759 3634 869 3695 pamm
888 3611 1052 3695 probabile
1072 3617 1127 3677 661.
1164 3613 1271 3695 itaque
1288 3612 1431 3701 Hyginus
1450 3613 1583 3676 61161661
1601 3633 1725 3694 quoque
1743 3611 1871 3694 Epime-

335 3716 417 3780 nidis
439 3716 648 3799 fragmentum
672 3740 710 3782 ex
733 3718 964 3782 Catmterismis
988 3720 1127 3802 sumpsit
1173 3719 1319 3802 quodne
1345 3719 1519 3785 1666666116
1542 3720 1728 3784 conclusisse
1752 3719 1872 3796 videar,

335 3824 505 3900 considera,
529 3845 653 3909 quaeso,
676 3827 744 3908 ipsa
763 3825 924 3909 Epitcmes
943 3825 1038 3890 verba
1051 3826 1088 3890 V:
1111 3824 1254 3902 libenter,
1276 3825 1396 3909 opiner,
1419 3827 1569 3890 concedes
1587 3824 1738 3890 nonnulla
1756 3826 1873 3891 emissa

335 3949 409 3994 6666.
457 3953 528 3995 nam
552 3953 613 4015 quo
636 3933 741 4007 modo,
765 3932 907 4008 obsecro,
930 3932 1068 3997 Theseus
1090 3933 1157 3997 6166
1181 3954 1312 3997 6616666
1340 3934 1506 4015 splendore
1530 3955 1568 3998 ex
1595 3932 1775 4016 labyrintho
1804 3955 1871 3998 ser-

334 4039 400 4101 vari
428 4044 545 4120 potest,
572 4060 665 4122 (ynam
694 4038 774 4102 Naxi
803 4040 927 4103 demum
955 4040 1096 4104 1111611116
1121 4061 1141 4103 6
1170 4039 1289 4103 Venere
1316 4041 1490 4124 acceperit?
1538 4061 1667 4124 6161666
1694 4041 1872 4106 necessaria

334 4165 372 4207 66
393 4144 490 4208 verba
512 4151 586 4209 6661
608 4165 697 4228 qnae,
720 4169 789 4210 cnm
813 4147 846 4209 16
870 4146 1014 4228 Epitome
1038 4153 1111 4211 ante
1130 4138 1310 4228 ‘floriferae
1333 4153 1388 4211 aut
1416 4148 1590 4211 exciderint
1616 4154 1672 4212 aut
1694 4147 1734 4212 ab
1759 4147 1870 4230 Epito-

333 4258 453 4314 matere
477 4253 591 4316 omissa
613 4253 685 4328 sint,
709 4253 851 4336 Hyginus
874 4256 1017 4329 servavit
1041 4253 1155 4335 quibus
1184 4256 1245 4318 iam
1274 4255 1306 4317 in
1330 4253 1425 4319 Creta
1446 4254 1594 4319 Liberum
1618 4254 1699 4319 116116
1722 4276 1871 4320 66166616

334 4358 493 4423 Ariadnae
517 4359 640 4423 dedisse
663 4359 848 4442 Epimenide
871 4368 1000 4425 auctore
1023 4371 1178 4425 narratur.

422 4493 508 4556 Haec
530 4492 627 4575 igitur
650 4514 688 4556 ex
711 4492 944 4559 Catasterismis
966 4495 1134 4578 sumpsisse
1157 4495 1314 4579 Hyginum
1338 4495 1414 4560 66116
1438 4503 1524 4559 66116
1546 4497 1668 4561 ratione
1691 4496 1790 4561 statui
1812 4517 1871 4579 po-

333 4605 404 4664 1661.
454 4601 509 4663 6611
537 4600 660 4682 longius
688 4602 799 4683 pedem
825 4601 968 4684 proferre
995 4624 1057 4667 non
1088 4603 1189 4667 ausim
1216 4604 1276 4666 nisi
1308 4601 1456 4668 subsidiis
1489 4603 1729 4686 circumspectis.
1779 4586 1869 4687 atqui

334 4705 426 4770 obvia
448 4727 486 4770 ea
509 4707 541 4770 in
565 4707 723 4773 scholiis
748 4709 784 4772 in
809 4708 1014 4774 Germanici
1038 4709 1178 4774 Aratea
1200 4711 1441 4793 66666116116,
1470 4731 1549 4794 quae
1572 4711 1699 4792 quidem
1722 4711 1753 4773 in
1778 4710 1869 4775 libris

332 4814 505 4879 Basileensi
534 4821 566 4879 et
594 4813 736 4881 Parisino
764 4823 888 4881 serrata
915 4823 1084 4900 praeeunte
1107 4818 1269 4902 Breysigio
1297 4817 1443 4882 scholia.
1465 4817 1702 4882 Basileensia
1723 4839 1870 4885 vocamus

333 4921 373 5010 (r.
390 4920 569 4989 Gennanici
584 4921 701 4990 Aratoa
715 4923 763 4990 ed.
778 4921 916 5012 Breysig.
930 4946 960 5010 p.
975 4922 1152 5013 55-104).
1180 4925 1259 4993 haec
1273 4926 1369 5009 igitur
1383 4924 1501 4991 scholia
1514 4926 1555 4993 ab
1569 4925 1695 4992 homine
1709 4924 1869 4993 Lactantii
