3894 5708
218 347 260 412 56
436 344 575 398 Emrorse.
809 320 820 343 ⁶
875 341 975 394 Sason.
994 340 1082 391 Aser.

117 526 160 579 Il·
307 515 401 611 Αῦτη
419 516 543 608 iasine}
561 514 662 607 percpi
676 525 795 585 καλου-
912 517 1048 572 omarum.

80 608 197 719 (392'05
262 632 355 718 pivp‘
381 625 637 716 προσηγορεύθη
666 627 702 693 δὲ
731 618 796 692 ὑπὸ

262 746 333 805 ταῖν
356 739 524 803 πλείστων
551 738 702 822 Φοινίκη·
735 734 796 799 ἐτι·

263 843 355 933 μὴθη
379 845 414 910 δὲ
437 837 505 910 ὑπὸ
528 853 585 931 τῆς
605 836 796 928 Ἀρτέμιδος.

238 946 497 1038 σάγανακτοῦσα
525 951 560 1016 δὲ
589 941 641 1016 ὅτι
669 942 688 1016 ὃ
716 941 798 1027 Ζεὺς

265 1051 369 1146 αὐτὴν
419 1055 587 1144 ἔφθειρεν,
636 1050 798 1144 ἠγρίωσεν

75 724 90 773 η
109 722 203 773 μικρα.

266 1159 381 1253 αὐτήν·
404 1157 594 1251 ὕστερονδὲ
611 1163 798 1249 ἐγνωσμένη

264 1274 393 1359 λέγεται
416 1268 518 1353 δόξαν
542 1265 624 1354 αὕτη
652 1277 798 1357 περιθεῖ-

265 1405 321 1446 ναι
345 1374 540 1446 (ἐντιθεῖσαν
567 1375 683 1463 ἕτερον
707 1377 799 1443 είδον-

222 1493 326 1554 1ολον
359 1485 395 1551 ἐν
427 1499 497 1563 τοῖς
534 1479 681 1571 ἄστροις,
713 1476 798 1550 ὥστε

267 1585 380 1671 δισσὰς
399 1584 483 1677 ἔχειν
502 1588 605 1677 τιμάς.

315 1693 552 1786 Ἀγλαοσθένης
589 1699 624 1764 δὲ
663 1698 699 1764 ἐν
731 1712 801 1776 τοῖς

267 1812 424 1888 Ναξικοῖς
450 1808 531 1893 φησί
558 1798 686 1891 τροφὸν
712 1805 799 1890 γενέ-

267 1921 348 1981 σθαι
380 1921 441 1979 τοῦ
468 1905 543 1991 Διὸς
570 1910 800 1998 Κυνόσουραν,

224 2033 257 2086 15
267 2018 351 2087 εἶναι
388 2020 423 2086 δὲ
458 2021 537 2105 μίαν
572 2027 643 2085 τῶν
674 2013 800 2086 Ἰιίαίοον

266 2133 420 2211 νυμφοῦνΙ
452 2119 510 2208 ἀφ’
536 2117 575 2213 ἧς
607 2125 644 2192 ἐν
673 2126 733 2211 μὲν
760 2135 800 2210 τη

266 2229 363 2301 πόλει
394 2241 435 2317 τῇ
471 2232 658 2318 καλουμένη]
685 2225 801 2310 Ἶστοῑς

267 2334 416 2425 τοῦνομα
455 2347 558 2406 τοῦτο
598 2327 651 2426 ἦν,
689 2329 732 2425 ἢν
769 2337 801 2406 σί

267 2449 344 2533 περὶ
379 2442 612 2532 Νικόστρατον
652 2442 797 2512 ἔκτισαν’

223 2557 325 2621 λοκαὶ
351 2544 412 2619 τὸν
440 2552 477 2618 ἐν
505 2545 588 2637 αὐτῇ
620 2553 656 2619 δὲ
686 2554 801 2639 λιμένα

268 2664 325 2728 καὶ
347 2653 409 2727 τὸν
428 2652 481 2726 ἐπ’
499 2652 591 2746 αὐτοῦ
610 2657 718 2726 τόπον
737 2664 801 2727 Κυ-

268 2764 438 2854 νόσουραν
456 2772 629 2856 κληθῆναι.

260 3020 294 3074 11.
314 3019 504 3073 Tesmnorun:
524 3035 596 3073 1—11
616 3017 701 3072 Arati
717 3021 801 3072 inter-

224 3124 287 3178 pres
301 3108 406 3163 latinas
419 3107 466 3176 (cf.
477 3107 674 3175 Proteponrena
685 3126 714 3176 p.
724 3110 774 3176 24)
785 3125 803 3160 a

225 3197 368 3267 Brepeipio
391 3196 531 3251 conlatae:
559 3197 691 3251 honorata
718 3203 760 3251 est
786 3212 804 3251 a

225 3285 315 3340 Diona
351 3291 464 3356 propter
504 3285 661 3354 praedictas
701 3285 802 3340 ruinas.

225 3374 353 3444 ignorans
372 3374 446 3444 (iepit
459 3369 603 3444 ἀγνοοῦσα
618 3390 672 3442 pro
687 3378 803 3444 γνοῦσα)

226 3462 307 3527 enim,
318 3462 390 3531 quod
399 3463 505 3533 Iupiter
515 3480 575 3518 eam
585 3462 722 3529 violasset,
736 3462 804 3518 fecit

226 3568 285 3606 eam
310 3558 459 3621 agrestem,
482 3558 579 3621 postea
598 3569 661 3606 vero
683 3551 804 3607 sentiens

226 3640 328 3695 dicitur
350 3640 464 3708 gloriam
488 3641 514 3697 ei
537 3656 721 3710 superponere
744 3640 803 3695 adi-

226 3728 302 3784 ciens
329 3728 371 3782 ini
396 3729 472 3784 aliud
495 3728 601 3799 signum
624 3730 697 3785 inter
720 3736 803 3795 astro,

226 3823 256 3872 ut
275 3817 400 3887 duplices
418 3818 520 3873 habeat
538 3820 662 3874 honores.

261 3924 335 3963 1—11
349 3908 479 3962 narratio
488 3909 570 3963 nimis
579 3907 726 3963 decurtata
741 3915 765 3963 et
778 3925 862 3964 sensa
871 3923 963 3976 paene
974 3922 1067 3971 ταυτας
1115 3976 1118 3980 ⁴

226 4013 320 4065 nempe
346 3996 486 4050 intercidit
512 3996 633 4052 Iunonis
659 4015 770 4068 norrrrn,
803 3997 942 4052 intercidit
972 3994 1068 4048 mortis

228 4083 357 4140 Callistus
374 4087 519 4152 narratio3
540 4087 691 4155 pecuinam
709 4088 828 4153 somnam
846 4086 909 4156 lepit
926 4084 1067 4153 Hypinas,

226 4174 408 4242 depravatam
444 4180 469 4229 et
500 4174 673 4229 decurtatam
706 4175 866 4231 Germanici
899 4176 1066 4243 interpretes.

225 4279 238 4319 σ
269 4257 471 4333 ἀγανακτοῦσα
501 4265 613 4333 scripsi:
645 4269 750 4335 γνοῦσα
783 4265 859 4331 rrum
895 4263 928 4318 de
957 4264 1067 4316 [arrone

226 4352 330 4405 dietam
352 4357 424 4421 erat,
447 4368 525 4407 nanc
548 4353 581 4408 de
598 4352 699 4408 Diana
717 4355 889 4424 inteilepitur.
926 4370 938 4409 τ
962 4348 1065 4422 ἐγνωσ-

225 4439 295 4509 perp
309 4441 421 4510 scripsi:
439 4440 606 4512 σεσυσμένη
625 4443 694 4496 loiri.
714 4439 1065 4512 σεσυφρονισμὲνηΒινα-

225 4529 357 4600 λανάγιιο.
394 4546 420 4586 re
444 4526 475 4585 ἐν
492 4529 546 4599 μὲν
564 4535 598 4600 τῇ
621 4526 700 4586 πόλει
725 4534 783 4585 κτλ.
807 4533 849 4586 ita
871 4532 952 4587 cerda
974 4531 1067 4599 lepisse

225 4619 335 4673 ridetur
354 4619 515 4674 Germanici
536 4623 669 4688 interpres
690 4621 729 4686 G,·
751 4621 799 4676 sed
821 4639 855 4676 en
876 4621 955 4676 schot.
976 4620 1065 4675 Germ.

222 4704 280 4761 BP
299 4709 453 4777 scripserim
473 4705 504 4763 ἐν
523 4704 636 4779 Κρήτης
653 4703 742 4763 πόλει.
779 4710 922 4780 prinnm
946 4705 991 4762 ἐπὶ
1014 4708 1068 4776 μὲν

226 4799 259 4865 τῇ
283 4791 364 4851 πόλει
387 4797 479 4866 lepiese
500 4797 585 4865 idque
606 4814 700 4852 ueram
723 4815 777 4852 esse
798 4800 957 4866 suspicatur
980 4797 1066 4852 Wria·

226 4886 384 4940 momitzins.
420 4903 445 4942 m
465 4882 541 4959 αὐτῷ
560 4886 791 4943 Wriamoeoiteius.
816 4883 885 4958 αὐτῇ
904 4887 973 4956 iibri,
993 4888 1068 4955 qaod

227 4973 289 5042 lepit
309 4974 449 5046 Hypr'nus,
467 4992 560 5030 rrerrrm
578 4976 658 5031 schol.
679 4976 768 5032 Germ.
787 4976 847 5030 BP.

1240 337 1340 391 Senon.
1359 333 1451 389 (issu.
1470 333 1521 387 BP.
1542 349 1568 402 p.
1582 332 1627 397 59,
1645 330 1670 387 5.

1210 515 1293 581 Ursa
1301 514 1402 578 minor
1415 534 1436 577 a
1447 510 1590 597 pluribus
1599 510 1700 576 Phoe-

1166 623 1236 688 nice
1249 627 1391 695 vocatum
1405 642 1442 684 ox
1452 621 1561 685 eadem
1571 618 1702 693 ratione,

1166 751 1229 813 qua
1237 729 1388 813 superior,
1397 727 1491 793 astris
1501 726 1600 792 inlata
1607 726 1701 790 bene-

1167 836 1237 904 ficio
1248 835 1376 901 Dianae.
1390 837 1477 919 prius
1487 835 1570 918 quod
1581 832 1703 916 Iupiter

1167 965 1236 1010 eam
1245 943 1434 1019 infamasset,
1446 942 1604 1015 efferasse3
1617 940 1729 1022 quod5

1167 1051 1294 1135 cognita
1318 1050 1496 1115 miseratam
1518 1047 1703 1113 immortali·

1168 1164 1234 1223 tate
1253 1158 1385 1225 donasse
1403 1163 1435 1223 et
1452 1158 1546 1223 aliam
1561 1156 1703 1240 posuisse

1167 1287 1282 1343 ursam,
1295 1272 1332 1330 ut
1345 1270 1448 1332 essent
1461 1266 1523 1330 duo
1533 1265 1599 1329 eius
1608 1262 1704 1329 bene-

1168 1371 1247 1438 ficia.

1214 1695 1440 1777 Aglaosthenes
1461 1700 1565 1760 autem
1589 1696 1621 1758 in
1639 1695 1705 1759 Na·

1169 1802 1266 1867 xiaois
1276 1801 1467 1886 Cynosuram
1477 1803 1554 1868 dicit
1564 1803 1646 1867 Iovis
1655 1801 1705 1865 fu-

1170 1911 1231 1976 isse
1252 1909 1404 1975 nutricem
1427 1932 1520 1975 unam
1544 1933 1582 1975 ox
1600 1909 1706 1975 Idaeis

1170 2017 1324 2103 nymphis,
1345 2038 1366 2081 a
1383 2037 1445 2100 qua
1467 2018 1500 2082 in
1519 2016 1631 2082 Cretae
1649 2039 1706 2101 op-
1719 2027 1756 2081 15

1170 2125 1244 2206 pido
1268 2123 1365 2201 lstoe,
1396 2125 1481 2207 quod
1508 2124 1706 2189 Nicostratus

1170 2232 1352 2315 composuit,
1361 2236 1485 2316 portum
1495 2238 1528 2296 ot
1541 2233 1625 2297 circa
1633 2253 1707 2297 eum

1170 2338 1272 2404 locum
1293 2337 1484 2422 Cynosuram
1506 2339 1708 2422 adpellatum,

1170 2445 1248 2510 haec
1257 2444 1418 2530 Cynosura
1431 2445 1491 2510 suit
1504 2467 1574 2512 oum
1582 2445 1708 2512 Telchi-

1170 2553 1229 2631 nis,
1243 2553 1298 2638 qui
1312 2554 1458 2621 dicuntur
1467 2552 1597 2621 Curetes
1607 2551 1707 2621 idaei.
1717 2563 1758 2617 20

1207 3035 1219 3073 ι
1238 3018 1309 3087 quod
1324 3019 1357 3070 B.
1378 3034 1459 3087 quam
1474 3017 1506 3071 P.
1524 3017 1631 3087 Iupiter
1645 3017 1714 3072 add.
1732 3037 1757 3074 ε.

1171 3108 1274 3177 equod
1294 3106 1415 3176 cognita:
1435 3113 1487 3161 ant
1504 3124 1557 3176 quo
1571 3106 1680 3176 cognito
1701 3112 1759 3162 aret

1172 3205 1268 3265 postea
1290 3195 1425 3266 cognitam
1447 3196 1627 3251 sortiendam.
1664 3213 1677 3253 e
1702 3195 1758 3251 mi-

1171 3293 1264 3340 serata
1282 3285 1351 3340 lari.
1371 3302 1440 3341 corr.
1458 3289 1485 3356 β.
1512 3290 1605 3353 apost
1623 3285 1756 3343 donasse:

1172 3375 1343 3431 submutasse
1362 3375 1437 3442 ίιῦας
1460 3375 1546 3429 deieei
1561 3374 1695 3442 ploesema
1717 3375 1758 3429 ad

1172 3465 1302 3520 efferasse
1321 3465 1469 3533 adpictum.
1497 3463 1662 3520 ebeneficio
1681 3464 1756 3519 iibri.

1172 3570 1242 3607 carr.
1259 3558 1285 3624 β.
1313 3559 1403 3622 oport
1422 3552 1567 3607 beneficia:
1588 3552 1655 3606 duos
1674 3570 1756 3608 ursas

1171 3643 1272 3698 fecisse
1288 3643 1360 3696 tion.
1380 3642 1430 3696 del.
1446 3661 1468 3696 ε.
1502 3659 1527 3697 ra
1545 3647 1637 3697 autem
1656 3641 1758 3711 inquid

1173 3732 1242 3787 iibri.
1262 3747 1330 3787 corr.
1345 3734 1371 3802 β.
1401 3731 1515 3800 nequod
1534 3733 1560 3801 β.
1580 3745 1661 3799 quam
1680 3729 1755 3785 libri.

1174 3839 1198 3876 rr
1208 3829 1314 3891 portum
1325 3824 1350 3890 β.
1373 3820 1547 3890 portusldrri.
1575 3816 1757 3876 roTeiehinis

1173 3909 1356 3978 Kr'eeslinpins
1373 3926 1407 3963 en
1428 3909 1567 3963 Urbinate.
1604 3906 1757 3962 Telchines

1172 3999 1232 4053 BP.
1261 3998 1296 4064 cf.
1316 3998 1417 4053 Strabo
1436 3999 1462 4051 X
1481 4014 1512 4065 p.
1531 3998 1591 4052 466.
1619 3999 1676 4049 τῶν
1699 3994 1757 4063 μὲν

1173 4084 1238 4152 τοὺς
1261 4083 1362 4152 αὐτοῦς
1384 4094 1443 4151 τοῖς
1462 4087 1588 4156 Κουρῆσι
1611 4079 1676 4146 τοῦς
1697 4085 1757 4138 Κο-

1174 4173 1312 4248 ρύβαντας
1330 4178 1378 4230 καί
1399 4176 1556 4247 Καβείρους
1574 4174 1622 4227 καί
1638 4167 1757 4237 Ἰδαίους

1174 4261 1333 4329 Δακτύλους
1355 4267 1404 4319 καί
1427 4267 1557 4334 Τελχῖνας
1579 4256 1757 4330 ἀποφαινόν-

1172 4375 1236 4411 των.
