3894 5708
195 381 255 444 136
330 378 470 432 Erruous.
764 375 863 429 Sonos.
884 377 971 428 Aser.
993 370 1016 425 τ’.
1036 372 1088 426 254
1106 389 1131 440 p.
1152 370 1194 434 73,
1213 370 1255 423 29.
1394 367 1494 422 Sonos.
1514 363 1607 420 (iuss.
1627 363 1682 417 BP.

351 556 457 609 misti
756 559 977 640 Γεννηθεῑσαι
997 550 1032 616 δὲ
1053 602 1059 614 .
1077 602 1083 613 .
1100 601 1106 613 .
1122 539 1189 613 ἀπὸ
1209 554 1270 611 τοῦ
1288 539 1352 611 Ἄτ-
1498 543 1636 598 eminant.

711 667 831 738 λαντσς
849 662 906 724 καὶ
923 667 980 746 τῆς
994 653 1156 742 Πλειόνης
1170 650 1354 721 ἐδιώκοντο

712 758 812 845 ὅλους
838 766 939 832 πέντε
968 755 1141 840 ἐνιαυτοὺς
1168 753 1253 827 κατὰ
1276 764 1354 825 Βοι-

711 876 817 939 οοτίαν
845 867 912 939 ὑπὸ
935 881 997 938 τοῦ
1018 865 1172 957 ίίρίιονος
1194 861 1276 954 μετὰ
1299 870 1356 933 καὶ

684 988 769 1067 ὁτῆς
791 973 915 1068 μητρὸς
933 973 1047 1045 αὐτῶν
1066 976 1285 1062 συγγενέσθαι
1304 981 1355 1062 ζη-

714 1095 855 1165 τοῦντος
878 1081 1003 1164 αὐταῖς
1030 1089 1085 1151 καὶ
1103 1097 1174 1162 τοῖς
1192 1090 1286 1160 θεοῖς
1305 1075 1355 1146 εὖ-

713 1189 849 1277 ξάμεναι
858 1187 944 1279 πρὸς
953 1184 1355 1277 πελειιίιίαςήμείφθησαν.

713 1297 783 1366 είτα
815 1300 979 1387 οἰκτείρας
1012 1291 1113 1376 αὐτὰς
1145 1290 1163 1363 ὃ
1192 1289 1273 1374 Ζεὺς
1300 1304 1357 1383 τῆς

714 1411 946 1485 κακοπαθείας
969 1407 1005 1471 έν
1029 1414 1077 1490 τῷ
1101 1399 1236 1491 οὐρανῷ
1258 1427 1356 1489 κατη-

671 1523 703 1576 10
714 1514 871 1598 στέρισεν.

938 1853 964 1904 p.
985 1836 1026 1897 74,
1045 1836 1088 1887 37.

764 1944 867 2007 Τοῦτο
896 1935 981 2027 πρὸς
1004 1933 1082 2018 τοὺς
1110 1937 1281 2017 εἰπόντας,
1309 1928 1359 2003 σίν

670 2057 703 2110 15
714 2045 783 2114 ἐστι
805 2052 862 2114 καὶ
885 2041 985 2125 αὐτὸς
1009 2048 1045 2113 έν
1070 2056 1116 2132 τῷ
1141 2046 1185 2124 είς
1212 2042 1358 2131 Θεόπρο-

713 2182 781 2226 πον
808 2153 967 2243 ποιήματι
1001 2148 1062 2242 τὴν
1091 2147 1264 2239 Ἠλέκτραν
1297 2178 1358 2235 φυ-

713 2278 784 2351 γεῖν
817 2267 873 2329 καί
905 2256 948 2349 μὴ
981 2255 1158 2346 ὑπομεῖναι
1187 2260 1270 2326 ἰδεῖν
1297 2252 1359 2346 τὴν

708 2366 809 2437 Ἴλιον
833 2364 1054 2455 ἁλισκομένην
1082 2370 1137 2433 καὶ
1165 2360 1244 2444 τοὺς
1268 2363 1358 2452 ἐκγό-

715 2503 794 2555 νους
818 2480 1073 2561 δυστυχοῦντας
1108 2468 1169 2540 τὸν
1192 2466 1254 2560 γὰρ
1278 2471 1359 2560 Λάρ-

670 2586 820 2650 κθδανον
856 2586 961 2650 παῖδα
991 2575 1067 2660 Διὸς
1103 2586 1159 2648 καὶ
1190 2575 1360 2667 Ἠλέκτρας

715 2688 899 2779 εἰρήκαμεν.

1499 2915 1526 2966 p.
1546 2897 1589 2962 76,
1605 2896 1650 2950 12.

284 3004 618 3094 Μεγίστηνδὲέχουσι
1456 3005 1603 3087 Magnam
1653 3026 1692 3068 a·

196 3125 231 3179 25
242 3111 344 3197 δόξαν
359 3113 396 3179 έν
405 3128 474 3191 τοῖς
485 3108 618 3199 ἄνθρώ-
1398 3104 1478 3196 'pud
1545 3111 1742 3176 homines25

241 3247 317 3299 ποις
345 3220 619 3308 έπισημαίνοασαι
1414 3218 1600 3302 dignitatem
1629 3217 1693 3282 ha-

240 3321 321 3395 καθ’
335 3321 436 3414 ὥραν.
465 3322 621 3417 [θέσινθ
1412 3327 1497 3402 bont,
1520 3325 1603 3410 quod
1623 3345 1694 3389 om-

243 3432 374 3521 έχουσιν
394 3424 431 3499 εὖ
448 3431 536 3520 μάλα
555 3437 619 3499 κεί-
1414 3432 1506 3499 nibus
1524 3432 1611 3498 horis
1626 3433 1693 3517 sig·

241 3565 337 3627 μεναι
364 3534 449 3606 κατὰ
476 3535 537 3607 τὸν
553 3534 619 3608 Ἵπ-
1414 3538 1551 3606 nificant

198 3661 232 3713 30
241 3674 370 3735 παρχον
432 3672 619 3734 τριγωνοει-

243 3757 321 3834 δοῦς
344 3755 526 3844 σχήματος]

313 3934 503 3987 Tassuuouru:
709 3955 783 3992 1-1o
802 3954 851 3989 οιιι.
872 3936 939 3989 MV.
978 3951 1003 3991 15
1025 3930 1194 4004 θεόπροπον
1212 3935 1310 4003 ratpot
1328 3951 1362 3988 ετ

237 4004 313 4057 Ouid.
333 4004 398 4070 sort.
418 4005 520 4059 V177.
562 4006 619 4061 sive
673 4008 753 4062 solsol.
765 4008 839 4061 ΠΣ
847 4011 911 4061 486.
935 4003 1104 4076 ,θεόπρομον
1118 4006 1186 4059 MV.
1225 4014 1362 4076 ιοφυγεϊν

200 4077 270 4145 quod
289 4076 401 4129 Electra
420 4075 519 4130 Troiae
541 4094 618 4147 spoc—
681 4073 1052 4148 1ίί’ίαιιιοιοι“ιιιίιε.·φείγιιν
1071 4078 1138 4130 MV.

199 4157 259 4201 tare
274 4147 367 4200 ruinas
381 4146 391 4216 Η
406 4164 458 4201 non
478 4148 542 4201 tulit
555 4157 619 4203 ante

199 4217 291 4273 oeulos
310 4219 490 4287 opposuitque
505 4236 623 4274 manum.

234 4289 331 4344 Antea.
351 4307 374 4342 v.
394 4294 559 4344 oea-597.
583 4292 658 4346 cerni
678 4309 726 4346 sex
745 4292 817 4346 solas
836 4292 956 4345 carmine
976 4292 1124 4345 Minthes
1143 4289 1152 4358 ll
1171 4289 1287 4349 adserit.
1311 4290 1450 4343 Electram
1471 4288 1547 4342 caelo
1567 4287 1745 4345 abscessisse

200 4359 333 4429 profundo
356 4360 365 4429 [ί
388 4361 422 4414 ob
445 4360 619 4416 formidatum
640 4369 772 4418 memorat
791 4361 866 4432 prius
887 4362 995 4417 Oriona.
1014 4363 1023 4431 Ιι
1041 4378 1105 4430 pars
1123 4362 1164 4414 ait
1183 4361 1283 4415 idaeae
1302 4360 1449 4415 deflentem
1470 4359 1599 4413 incendia
1618 4359 1726 4416 Troiae
1735 4361 1746 4457 j!

200 4439 228 4485 ot
251 4447 411 4485 numerosae
435 4448 501 4486 suae
525 4433 662 4501 lugentem
691 4435 788 4488 lunera
811 4434 901 4503 gentis
930 4434 932 4441 '
956 4432 1095 4487 Electram
1119 4432 1199 4486 tetris
1222 4440 1355 4486 maestum
1379 4431 1445 4485 dare
1467 4429 1585 4484 nubibus
1609 4431 1720 4497 orbem,
1736 4448 1746 4499 t'

200 4502 310 4572 saepius
334 4503 456 4556 obscuris
479 4513 562 4572 caput
584 4513 615 4558 ut
638 4507 674 4559 sit
697 4506 788 4560 cincta
817 4505 945 4559 tenebris.
969 4504 977 4572 ll
1000 4520 1192 4572 nonnunquam
1216 4503 1319 4557 Oceani
1342 4509 1435 4557 tamen
1459 4501 1539 4554 istam
1564 4517 1680 4572 surgere
1707 4505 1746 4558 ab

200 4574 281 4628 undis
299 4574 307 4642 ll
326 4573 353 4626 in
370 4590 490 4629 convexa
505 4575 570 4644 poli,
589 4578 637 4630 sed
657 4576 721 4631 sede
741 4593 835 4630 carere
855 4593 975 4630 sororum
993 4575 1002 4645 ll
1020 4583 1103 4643 atque
1122 4591 1152 4629 os
1171 4574 1318 4629 discretum
1337 4574 1432 4642 procul
1447 4573 1536 4637 edere,
1556 4571 1746 4661 destitutamil

200 4660 382 4713 germanoque
402 4647 484 4699 choro
498 4646 602 4701 subolis
617 4648 761 4702 lacrimare
778 4647 871 4701 ruinas
889 4646 898 4715 *l
916 4646 1097 4714 diffusamque
1113 4662 1204 4700 comas
1219 4645 1294 4700 cerni
1309 4645 1447 4713 orinisque
1461 4642 1544 4698 soluti
1561 4644 1571 4703 ΙΙ
1588 4653 1746 4701 monstrari

201 4715 439 4840 effigiem.Ed(}ros
458 4719 506 4771 hos
530 4717 603 4772 lama
628 4727 747 4773 cometas
765 4719 773 4787 ll
793 4724 985 4773 commemorat
1005 4734 1027 4770 e.
1048 4735 1072 4785 q.
1093 4734 1112 4770 s.
1152 4718 1185 4782 cs.
1205 4717 1348 4786 Ημμίπααι
1367 4720 1475 4769 14-23
1493 4722 1519 4769 et
1538 4714 1747 4784 Ρνοίεροιοεκα

196 4805 226 4856 μ.
245 4792 291 4840 28.
356 4806 376 4839 ιι
398 4804 435 4840 oe.
452 4806 481 4855 μ.
500 4793 562 4842 339.

236 4877 262 4914 ει
280 4860 417 4930 μεγίστην
435 4862 494 4913 κτλ.
513 4861 672 4914 reddamur
691 4863 776 4915 Arati
793 4877 888 4914 νινεκε
905 4863 1063 4914 264—267.
1136 4876 1161 4915 ar
1180 4856 1312 4913 θέσιν-
1326 4853 1468 4928 σχήματος
1486 4858 1522 4911 ab
1539 4858 1748 4927 ι’κίτνμοίαίοιτ

201 4931 301 4985 addita
320 4948 374 4986 esee
392 4931 454 4986 dici
470 4933 501 4985 ιἰι
521 4932 722 5007 Ρνοίιροιιιειιιζε
740 4950 766 5001 μ.
786 4937 820 4985 31
825 4952 835 4999 ,·
857 4932 930 4985 idem
947 4931 1075 4985 νίιίινακί
1093 4930 1189 4985 Fellas
1207 4937 1232 4984 et
1250 4929 1464 4984 Sctoutaclsius.
