3894 5708
1694 376 1730 440 ll

204 567 260 627 est.
297 565 404 647 itaque
426 562 486 627 hoe
508 562 577 627 loeo
600 563 663 626 iam
686 560 817 645 antiqua
839 558 981 642 exempla
1003 554 1244 631 dissentiebant3
1266 555 1298 620 iu
1322 553 1394 621 aliis
1417 549 1548 620 111οκ00
1572 555 1734 639 Movootqr

204 661 385 749 ἀξιώσαντι
408 660 469 734 τὸν
493 671 568 749 Δία,
591 670 623 734 in
646 669 718 733 aliis
741 659 804 732 οὐκ
828 662 959 749 ἔχουσαι
984 656 1053 750 ὅτῳ
1077 661 1219 730 deiectae
1241 655 1303 729 τὸν
1326 664 1386 728 Δία
1408 654 1554 749 ἠξίωσαν
1575 680 1733 727 καταστε-

201 777 305 859 ρίζειν
328 775 481 841 exstabat.
518 776 594 840 mihi
618 775 778 859 Epitomes
801 774 894 839 lectio
916 773 1123 858 praeferenda
1146 794 1213 837 esse
1232 772 1365 847 videtur,
1387 792 1456 835 cnm
1476 769 1595 834 Musaei
1617 769 1734 834 mentio

203 884 281 947 satis
308 885 487 967 importune
515 885 564 948 sit.
609 882 743 948 fortasse
766 880 1082 946 ΕΧΘΥΣΑΙΟΤΩΙ
1102 880 1134 944 in
1157 878 1389 943 ΜΟΥΣΑΙΩΙ
1409 875 1546 954 abierat,
1573 882 1639 940 tum
1662 897 1734 959 pro-

203 995 310 1054 tervus
337 990 557 1074 interpolator,
588 996 624 1054 ut
651 990 786 1073 aliquem
814 994 897 1053 certe
925 1008 1049 1052 sensum
1075 987 1270 1062 restitueret,
1302 990 1407 1049 cetera
1433 984 1574 1048 mutavit
1602 983 1734 1048 similem

203 1096 478 1180 interpolationem
500 1096 571 1162 vide
594 1096 627 1160 in
651 1096 848 1179 Fragmeutis
870 1094 951 1159 XLI.
988 1095 1043 1159 sed
1067 1092 1220 1177 quidquid
1243 1096 1409 1167 statuetur,
1431 1091 1492 1155 hoe
1514 1091 1575 1154 iem
1600 1089 1735 1156 certissi-

204 1225 289 1268 mum
311 1226 378 1269 esse
400 1204 547 1282 arbitror,
569 1226 632 1269 non
651 1204 809 1287 Hyginum
831 1202 886 1267 scd
905 1223 1051 1286 graecum
1070 1201 1362 1266 Gatesterismorum
1381 1198 1555 1282 exemplum
1578 1197 1618 1262 ab
1637 1198 1734 1263 inter·

205 1316 295 1393 preto
318 1311 495 1376 Germanici
518 1311 720 1396 compilatum
743 1331 817 1375 esse.

293 1417 356 1483 Sed
387 1419 479 1483 mitto
507 1420 573 1483 eius
600 1418 723 1501 generis
751 1417 894 1500 exempla
920 1417 1054 1498 amplius
1081 1435 1276 1488 coacervarm
1308 1434 1389 1497 qnae
1415 1416 1537 1478 attento
1565 1412 1675 1477 lectori
1702 1413 1735 1476 in

205 1525 346 1609 qualibet
372 1525 488 1608 pagina
515 1525 598 1590 ultro
626 1546 659 1589 se
691 1523 835 1589 offerunt.
884 1528 959 1587 noto
986 1523 1092 1605 potins
1119 1543 1148 1605 p.
1173 1522 1227 1598 14,
1256 1521 1299 1585 20
1326 1525 1359 1586 01
1385 1543 1414 1604 p.
1438 1519 1493 1595 80,
1516 1520 1590 1605 6¹⁵)
1618 1519 1736 1585 diserte

205 1631 444 1697 Eratosthenem
467 1633 631 1708 nominari,
653 1632 736 1696 unde
759 1631 860 1695 elucet
882 1630 916 1693 id
939 1650 1062 1711 qnoque
1084 1629 1168 1712 quod
1186 1629 1341 1711 interpres
1361 1626 1538 1692 Germanici
1557 1627 1736 1709 compilavit

205 1739 380 1823 exemplum
403 1739 486 1803 illius
508 1760 621 1804 nomen
644 1760 719 1822 prae
743 1759 776 1801 se
798 1737 915 1801 tulisse.
952 1741 986 1800 at
1008 1756 1070 1800 non
1092 1735 1173 1799 hane
1192 1735 1358 1818 Epitomen
1383 1736 1539 1816 interpres
1558 1732 1736 1798 Germanici

204 1845 349 1910 manibus
372 1845 523 1921 habebat,
546 1845 601 1911 sed
624 1846 781 1928 integrum
804 1865 889 1927 opus.
935 1841 1063 1907 exhibet
1086 1841 1168 1906 onim
1192 1841 1322 1906 Arcadis
1345 1840 1484 1906 fabulam
1506 1862 1537 1923 p.
1561 1841 1613 1917 64,
1638 1842 1681 1906 20
1704 1863 1736 1916 s,

205 1975 299 2036 quam
328 1953 361 2015 in
388 1953 533 2036 Epitome
561 1953 705 2018 omissam
729 1954 761 2015 in
785 1949 1016 2015 Catasterismis
1044 1949 1200 2013 exstitisse
1227 1970 1322 2032 snpra
1349 1948 1434 2013 evici.
1483 1947 1533 2012 his
1559 1954 1664 2012 autem
1692 1949 1737 2011 ita

206 2061 333 2125 statutis
356 2060 408 2124 vix
431 2060 495 2125 dici
517 2065 622 2143 potest
645 2066 795 2143 quantum
818 2054 983 2122 lucremur.
1029 2077 1102 2120 nam
1123 2057 1266 2139 primum,
1289 2056 1315 2120 si
1339 2055 1526 2120 scholiastae
1548 2053 1645 2118 rerba
1666 2074 1737 2118 cnm

205 2168 331 2251 Hygino
363 2167 600 2243 contulerimus,
631 2167 854 2249 perspiciemus
885 2165 968 2229 hune
999 2164 1155 2228 artissime
1187 2163 1291 2246 graeci
1319 2160 1455 2227 auctoris
1482 2161 1614 2244 vestigia
1640 2162 1737 2244 sequi,

205 2274 297 2339 illum
331 2274 439 2338 multis
475 2275 576 2338 modis
608 2274 730 2338 variare
766 2293 877 2338 ornare
913 2268 1104 2355 amplificare
1139 2270 1177 2335 de
1209 2272 1273 2335 anis
1304 2269 1352 2334 vel
1384 2291 1422 2334 ex
1454 2268 1526 2333 aliis
1557 2267 1738 2333 auctoribus

205 2382 293 2446 haud
323 2401 396 2445 raro
428 2381 557 2456 addere,
590 2382 636 2445 ita
667 2387 716 2455 ut,
748 2380 809 2444 nisi
841 2380 921 2444 forte
953 2378 1016 2443 alia
1047 2382 1232 2461 argumenta
1264 2376 1429 2452 accedunt,
1462 2375 1640 2459 Hyginiana
1670 2381 1737 2439 tum

206 2489 332 2553 demum
360 2488 400 2552 ad
425 2487 663 2552 Catasterismos
690 2487 802 2552 referri
826 2486 972 2561 debcant,
1000 2506 1069 2550 enm
1092 2485 1175 2568 apud
1198 2484 1397 2549 scholiastam
1419 2504 1542 2567 quoque
1564 2489 1737 2548 recurrunt.

206 2602 318 2660 contra
344 2616 413 2659 cum
441 2615 496 2658 eae
524 2593 640 2679 Hygini
668 2594 854 2677 particulae,
881 2614 958 2675 quas
986 2613 1080 2676 snpra
1106 2592 1177 2656 aliis
1203 2591 1396 2674 argumentis
1422 2589 1483 2654 nisi
1506 2589 1738 2654 Catastorismis

205 2703 389 2778 tribuimus,
416 2722 558 2785 magnam
587 2707 710 2784 partem
737 2702 770 2764 in
797 2701 846 2765 his
873 2700 999 2764 scholiis
1027 2699 1238 2774 inveniantur,
1267 2719 1328 2761 non
1355 2698 1530 2780 spernendo
1553 2702 1738 2780 argumento

206 2811 364 2876 sententia
395 2815 502 2874 nostra
533 2808 742 2873 confirmatur.
792 2813 876 2872 recte
908 2807 1005 2890 igitur
1033 2828 1128 2889 supra
1156 2826 1356 2890 quaecunque
1384 2805 1423 2869 de
1450 2804 1648 2887 planetarum
1676 2805 1738 2869 ori·

206 2917 333 3001 ginibus
352 2917 492 3000 Hyginus
511 2914 541 2978 11
561 2915 604 2979 42
627 2915 764 2999 exponit,
787 2916 827 2979 ad
846 2914 1085 2979 Catasterismos
1102 2914 1293 2987 rettulimus3
1316 2933 1389 2976 nam
1407 2911 1473 2977 lero
1492 2912 1601 2976 eadem
1620 2911 1738 2976 habent

206 3025 304 3089 schol.
328 3022 445 3099 Germ,
472 3023 533 3087 uisi
561 3023 644 3104 quod
668 3021 733 3085 illic
754 3022 960 3087 Phaethontis
984 3020 1082 3084 latum
1105 3020 1200 3084 verbo
1223 3025 1347 3084 tantum
1369 3025 1642 3095 commemoratur,
1668 3040 1738 3083 cum

206 3131 351 3214 Hyginus
373 3131 495 3213 longius
518 3129 551 3192 id
575 3129 716 3212 explicet.
752 3130 807 3193 sed
829 3129 992 3211 utriusque
1010 3127 1105 3191 verba
1126 3125 1315 3192 adscribam:
1338 3125 1432 3190 schol.
1452 3127 1554 3191 Germ.
1572 3149 1601 3209 p.
1624 3127 1694 3201 103,
1718 3127 1738 3188 2

201 3242 279 3320 post
300 3237 447 3318 satanicis
469 3238 564 3301 101001
586 3237 672 3300 00010
694 3241 842 3316 receptes.
879 3235 991 3319 Hygia.
1009 3234 1041 3299 II
1065 3235 1108 3298 42
1132 3258 1160 3317 p.
1181 3234 1232 3310 79,
1256 3232 1273 3296 7
1299 3233 1337 3297 de
1359 3255 1421 3316 quo
1443 3234 1618 3314 complures
1640 3233 1738 3312 setp-

206 3349 329 3423 serunt,
358 3350 394 3408 01
416 3344 526 3423 putris
547 3344 713 3408 insaniter
736 3365 832 3408 curru
855 3348 957 3407 000100
979 3342 1151 3407 incenderit
1174 3347 1295 3419 terrea·
1323 3361 1385 3423 quo
1408 3340 1493 3420 sacto
1516 3340 1555 3404 ab
1578 3340 1652 3404 Iove
1673 3340 1739 3420 ful·

207 3452 292 3515 crine
313 3472 483 3532 percuss-as
509 3451 544 3514 ia
567 3451 752 3514 Eridanum
780 3450 928 3514 (1001110111
956 3453 984 3513 ct
1012 3471 1033 3513 0
1055 3448 1127 3514 Sole
1148 3448 1360 3512 intercidere
1382 3448 1423 3510 sit
1440 3447 1598 3528 perlatas.
1644 3454 1739 3532 atquo

208 3580 291 3643 quae
317 3558 369 3623 hio
390 3559 483 3640 plura
505 3557 601 3622 habet
624 3557 780 3640 Hyginus,
808 3557 933 3622 calere
956 3556 996 3620 ad
1020 3554 1148 3620 verbum
1172 3555 1370 3619 consentiunt
1392 3576 1462 3619 cum
1486 3555 1530 3618 eis
1553 3575 1634 3638 qnae
1657 3555 1740 3619 idem

207 3668 243 3730 in
267 3665 442 3730 fabularum
468 3664 548 3729 libro
575 3664 636 3728 152
661 3671 780 3729 narrat:
803 3663 966 3728 Phaethon
987 3661 1072 3728 Solis
1095 3668 1122 3726 ct
1149 3659 1308 3744 Glynrcnes
1330 3661 1418 3743 filius
1440 3682 1509 3725 cum
1531 3660 1613 3726 clam
1630 3662 1740 3741 patris

208 3793 338 3836 0011100
366 3773 589 3836 crnrseocdissct
615 3776 643 3835 01
671 3773 770 3836 altius
796 3793 817 3833 0
844 3775 931 3835 terro
953 3776 1029 3834 essct
1051 3770 1167 3848 elutus,
1190 3791 1273 3850 prae
1296 3771 1406 3832 1101010
1428 3769 1543 3833 decidit
1565 3769 1601 3832 ia
1622 3768 1740 3847 stramen

207 3879 401 3943 Eridonrno.
453 3879 533 3943 11000
559 3879 707 3959 1110111101
737 3899 806 3942 carn
832 3878 964 3958 10101100
985 3878 1204 3957 percusisset,
1239 3877 1345 3940 omnia
1372 3877 1485 3940 0111010
1511 3880 1684 3955 coeperunt.
1697 3876 1739 3959 ¹⁰)

207 3987 319 4067 iterque
339 3985 427 4051 'haec
459 3987 559 4069 ipsum
586 3987 745 4070 Hyginum
776 3986 949 4061 addidisse,
980 3985 1013 4049 in
1041 3984 1272 4049 Catasterismis
1303 3990 1408 4049 autem
1437 4004 1479 4047 oa
1509 4004 1570 4048 non
1599 3983 1738 4047 extitisse

208 4093 409 4157 manifestum
433 4100 489 4158 est.
527 4094 670 4157 similiter
692 4094 802 4157 horum
826 4092 1016 4158 scholiorum
1039 4113 1189 4156 consensu
1213 4089 1414 4157 confirmatur
1437 4095 1521 4155 recte
1540 4089 1739 4172 000011101-

208 4200 344 4265 menidis
372 4201 584 4265 narrationem
607 4200 733 4286 (Hygin.
758 4199 846 4276 11,5
869 4222 897 4283 p.
922 4200 978 4277 39,
1008 4202 1021 4262 1
1050 4221 1072 4264 s.
1096 4227 1140 4254 =
1162 4197 1257 4262 schol.
1281 4198 1426 4263 Gemran.
1448 4219 1478 4280 p.
1502 4197 1559 4273 62,
1581 4196 1617 4282 3)
1641 4202 1672 4261 01
1694 4218 1740 4272 00,

209 4329 290 4390 quae
309 4309 348 4371 de
366 4315 466 4372 morte
485 4307 623 4372 Castoris
641 4308 838 4391 Pollueisque
855 4307 1025 4372 traduntur
1044 4307 1170 4394 (Hygia.
1191 4305 1221 4368 ll
1240 4305 1283 4368 22
1302 4327 1330 4389 p.
1351 4304 1402 4381 65,
1421 4306 1441 4368 2
1460 4332 1505 4362 =
1522 4303 1616 4369 schol.
1636 4304 1739 4368 Germ.

209 4435 239 4498 p.
264 4416 316 4491 68,
338 4416 384 4501 4),
406 4415 446 4479 ad
470 4414 708 4479 Catasterismos
731 4415 898 4480 rettulisse.
944 4417 983 4479 (10
1006 4412 1127 4478 Lesbiis
1151 4412 1323 4496 virginibus
1346 4413 1409 4476 iarn
1431 4433 1526 4496 supra
1548 4411 1663 4476 monui.

300 4523 364 4587 lam
392 4522 432 4586 (le
459 4521 504 4586 eis
526 4521 616 4586 nobis
639 4522 862 4604 disputandum
886 4525 946 4587 erit
969 4519 1201 4586 narrationibus
1224 4541 1305 4601 quae
1329 4519 1452 4604 Hygino
1475 4541 1545 4583 oum
1568 4519 1740 4601 interprete

302 4787 333 4855 ¹⁵)
351 4789 391 4844 Ho
412 4788 470 4844 loco
489 4783 680 4847 Eratosthenis
699 4803 795 4847 nomeu
816 4784 974 4849 felicissime
993 4785 1116 4850 restituit
1136 4784 1312 4850 thhelorus

301 4880 537 4948 161110111101110,
562 4882 654 4952 qualia
678 4901 712 4937 ex
732 4883 899 4953 Frisingensi
924 4885 1071 4955 descripsit
1094 4885 1235 4956 Micyllus3
1260 4884 1355 4937 eadem
1379 4882 1434 4936 alio
1458 4883 1517 4936 loco
1536 4876 1630 4952 paullo
1649 4898 1739 4936 emen·

211 4969 320 5029 datium
340 4978 448 5028 castere
467 4970 610 5043 Epimotro
629 4974 640 5028 1
659 4973 858 5030 demonstrabo.
