3894 5708
334 346 376 409 24

333 522 522 588 scholiorum
549 526 738 590 Arateorum
765 523 868 589 verbis
895 524 1083 608 respondere
1109 522 1151 587 ad
1178 545 1204 587 v.
1227 523 1293 588 402
1320 546 1349 606 p.
1373 522 1425 599 86,
1446 494 1489 589 38
1518 488 1593 608 ἕχον
1616 524 1671 610 (sc
1695 514 1734 589 τὸ
1756 519 1865 610 θυτή-

331 632 420 719 ριον)
444 629 499 695 ἐπὶ
521 639 582 696 τοῦ
603 623 710 716 πυρὸς
733 628 899 714 κάλυμμα,
921 621 1015 707 ὅπως
1036 621 1080 717 μὴ
1104 629 1199 695 ἴδωσι
1222 620 1282 716 τὴν
1305 637 1367 695 τοῦ
1390 639 1556 715 κεραυνοῦ
1579 626 1728 714 δύναμιν.
1774 639 1808 696 at
1832 653 1865 695 m

332 738 387 801 illo
410 737 528 803 scholio
551 760 613 804 non
636 740 737 805 solum
760 739 920 822 Epitomes
943 746 1037 821 caput
1059 737 1194 801 XXXIX
1216 737 1258 802 ad
1281 737 1409 801 verbum
1436 738 1637 822 exscriptum,
1668 739 1724 803 sed
1746 739 1865 804 diserte

153 832 158 841 ’
241 859 244 865 ’
332 843 550 909 Eratosthenis
577 867 689 910 nomen
716 844 900 910 historiolae
926 846 1153 928 praescriptum
1180 850 1241 918 est;
1268 865 1365 927 quare
1389 845 1451 909 iam
1475 845 1677 929 Xoppiersius
1701 866 1752 922 ea,
1782 866 1865 929 quae

332 951 435 1027 attuli,
457 951 553 1015 verba
575 952 607 1015 in
631 952 775 1037 Epitome
798 952 944 1017 addenda
967 972 1033 1016 esse
1056 952 1185 1015 censuit.
1875 1016 1880 1037 Ι

300 1059 303 1066 ’
420 1056 500 1123 Tum
521 1080 551 1142 p.
576 1060 649 1137 141,
674 1061 715 1125 14
738 1062 777 1124 de
800 1059 890 1141 Equo
912 1058 1057 1141 legimus:
1082 1059 1213 1140 quidam
1235 1058 1314 1142 (scil.
1337 1059 1421 1123 inter
1443 1059 1548 1124 sidera
1570 1058 1773 1124 constitutum
1796 1079 1865 1122 esse

333 1164 466 1251 dicunt),
489 1166 574 1247 qaod
595 1165 683 1231 Iocis
705 1186 803 1248 equus
825 1165 934 1242 ineuit3
958 1187 1038 1248 quae
1062 1165 1111 1230 his
1133 1164 1321 1229 scholiorum
1340 1165 1526 1232 Arateorum
1549 1167 1653 1230 verbis
1676 1166 1731 1248 (ad
1752 1187 1779 1229 v.
1798 1167 1864 1230 208

334 1272 438 1353 pit),
462 1273 496 1357 8)
520 1263 608 1356 ἱερὰς
632 1273 665 1337 di
696 1265 712 1337 d
738 1272 952 1349 1’ππος....
978 1265 1030 1336 ὅτι
1052 1267 1197 1356 βροντήν
1224 1262 1258 1335 τ’
1282 1263 1470 1358 ιῖστεροπήν
1496 1295 1531 1336 τε
1561 1272 1654 1356 ςιέρει
1677 1272 1727 1335 Διὶ
1751 1266 1866 1357 μητιό-

333 1379 462 1461 actast)
490 1377 601 1465 εἴληφε
623 1377 657 1444 δὲ
672 1369 733 1463 τὴν
747 1376 896 1463 ἱστορίαν
910 1370 993 1463 παρ’
1007 1370 1159 1443 Ἡσιόδου
1174 1378 1226 1460 (cf.
1240 1378 1397 1462 Theogon.
1411 1381 1490 1464 286)
1509 1381 1696 1462 respondere
1709 1378 1864 1443 siderum.

333 1485 440 1568 itaque
463 1484 541 1549 haec
563 1507 688 1568 quoqne
710 1486 751 1550 ad
775 1485 1013 1550 Catasterismos
1035 1485 1200 1550 referenda
1221 1506 1289 1551 esse
1311 1508 1430 1552 eerrseo.

421 1592 554 1657 Restant
580 1614 660 1676 quae
682 1614 712 1675 p.
737 1591 809 1668 150,
835 1593 874 1657 19
903 1593 941 1658 de
968 1593 1054 1676 lyrae
1077 1593 1254 1657 inventione
1282 1593 1427 1676 legimus:
1455 1594 1645 1676 regrediente
1666 1594 1766 1676 igitar
1787 1592 1866 1658 Nido

335 1700 379 1763 cd
405 1721 479 1764 suos
504 1704 626 1764 arrectus
652 1701 735 1764 later
761 1704 862 1764 adera
886 1700 1042 1766 σοιὐιοῑὶσ
1069 1701 1180 1765 relicta
1203 1701 1298 1764 etiem
1324 1700 1445 1764 testudo
1472 1704 1526 1778 est,
1556 1721 1637 1783 quae
1664 1721 1732 1764 οιιοι
1752 1705 1866 1780 putre·

334 1806 423 1886 facte
445 1806 556 1886 scisset
578 1810 607 1869 et
628 1809 717 1871 aerei
738 1807 805 1871 eius
828 1810 945 1872 estensi
966 1810 1056 1871 istra
1079 1808 1198 1872 eertum
1224 1809 1459 1886 remansissent,
1484 1827 1635 1887 percussa
1659 1832 1680 1872 ιι
1703 1808 1867 1872 Mercurio

334 1915 472 1978 sortitam
490 1914 585 1977 dedit.
616 1915 651 1977 ιἰι
669 1915 758 1978 cuius
775 1915 1014 1979 similitudinem
1031 1915 1213 1978 Mercure'os
1231 1913 1336 1996 lyram
1358 1914 1438 1994 fecit.
1475 1914 1552 1978 haee
1574 1915 1672 1997 igitur
1690 1922 1866 1979 ceterorum

336 2021 463 2085 testium
491 2043 580 2084 nemo
608 2020 718 2096 hehct;
746 2042 842 2106 quare
869 2044 959 2105 posse
986 2022 1177 2105 interpolata
1199 2042 1265 2086 esse
1293 2043 1356 2086 non
1383 2022 1568 2104 negaverim.
1614 2021 1668 2085 sed
1695 2042 1765 2085 cum
1787 2042 1867 2095 cairi,

335 2128 470 2211 quaein
498 2127 547 2202 his
572 2128 697 2194 scholiis
724 2150 814 2194 versa
841 2137 901 2205 est,
929 2131 1084 2213 epitomen
1112 2128 1406 2194 Catasterismorum
1428 2129 1608 2210 ceteroquin
1631 2128 1718 2192 nullu
1740 2129 1867 2192 onniino

335 2235 576 2318 interpolatione
600 2236 794 2319 inquinatam
817 2236 912 2301 luisse
935 2236 1188 2313 intellexerimus,
1210 2235 1288 2300 haec
1310 2256 1433 2318 quoqne
1456 2235 1498 2299 ad
1520 2234 1759 2301 Catasterismos
1782 2234 1865 2298 refe-

335 2342 434 2406 renda
456 2364 523 2407 esse
546 2344 687 2425 quamvis
705 2342 888 2407 dubitanter
912 2351 1030 2418 statura
1053 2344 1137 2426 qnod
1161 2344 1188 2408 si
1211 2350 1295 2407 recte
1319 2343 1426 2418 statui,
1448 2363 1663 2425 omnesquae
1686 2344 1719 2406 in
1737 2340 1866 2406 scholiis

337 2448 655 2531 Sangormanensibus
678 2449 833 2531 leguntur,
856 2450 979 2516 fabulas
1002 2473 1040 2515 ex
1064 2450 1294 2515 Catasterismis
1318 2449 1446 2514 haustas
1469 2472 1535 2515 esse
1558 2455 1688 2514 (ransart.

425 2556 472 2620 De
499 2556 625 2622 scholiis
652 2555 839 2622 Strozzianis
866 2559 900 2621 in
928 2558 1088 2642 Epimetro
1115 2558 1216 2641 primo
1244 2558 1384 2622 dicturus
1412 2578 1492 2631 sum3
1521 2556 1611 2620 Arati
1639 2577 1746 2638 porro,
1772 2577 1869 2637 quem

337 2672 457 2741 vocant,
479 2664 634 2747 interpres
662 2664 790 2741 latinus,
817 2671 968 2749 quantum
995 2687 1034 2729 ex
1061 2665 1228 2748 specimine
1251 2687 1271 2728 a
1293 2664 1454 2748 Breysigio
1481 2686 1509 2747 p.
1533 2664 1575 2727 59
1604 2664 1637 2728 in
1663 2664 1869 2728 adnotatione

337 2770 444 2836 adlato
475 2771 614 2835 iudicare
645 2771 731 2848 lieet,
762 2779 795 2836 et
821 2773 888 2855 ipse
914 2772 1079 2856 Epitomen
1107 2793 1163 2836 suo
1190 2771 1292 2836 Marte
1319 2773 1353 2835 in
1380 2771 1513 2835 latinum
1540 2771 1738 2835 transtulisse
1766 2792 1868 2852 neque

337 2899 410 2942 vero
433 2883 496 2942 eut
510 2879 630 2942 scholia
651 2879 843 2944 Basilcensia
866 2886 922 2942 eut
944 2879 1226 2962 Sangermauensia
1247 2878 1427 2962 cognovisse
1449 2878 1581 2942 videtur.

426 2984 571 3050 Ceterum
590 2994 625 3050 ut
642 2987 801 3069 magister,
819 2987 873 3070 qui
891 2985 1009 3051 scholia
1024 2985 1304 3069 sangermanensis
1322 2986 1505 3068 composuit,
1523 2987 1569 3050 ita
1587 2985 1683 3050 etiam
1701 2984 1872 3048 Endocia

338 3091 504 3175 Epitomen
535 3092 641 3176 [issullo
672 3093 868 3176 ampliorem,
900 3115 1087 3177 quamquam
1114 3094 1166 3157 vix
1193 3095 1332 3176 integros
1359 3091 1610 3169 Catasterismos,
1642 3091 1789 3155 hahuisse
1821 3091 1870 3154 vi-

338 3199 438 3263 detur.
483 3204 605 3263 constat
627 3201 710 3264 enim
733 3201 820 3265 illam
843 3201 957 3265 multas
979 3200 1159 3265 historiolae
1181 3222 1252 3265 oum
1274 3200 1420 3283 Epitome
1441 3202 1484 3265 ad
1510 3200 1639 3265 verbnm
1662 3206 1872 3282 engruentes

339 3306 495 3383 exhibere,
512 3329 590 3390 quas
608 3307 747 3390 singulas
770 3306 822 3372 hic
839 3329 1021 3372 enumerare
1044 3307 1124 3372 nihil
1146 3308 1269 3385 attinet,
1288 3328 1356 3371 cum
1375 3312 1409 3372 ct
1430 3308 1463 3371 in
1482 3307 1711 3372 Westermanni
1730 3305 1872 3370 editione

339 3420 371 3477 ct
398 3415 430 3478 in
462 3422 571 3479 nostra
596 3413 621 3477 F
623 3420 855 3496 segmentorum
886 3416 1079 3480 coniectione
1111 3436 1217 3479 omnes
1249 3414 1417 3497 diligenter
1447 3413 1614 3478 adnotatas
1641 3413 1789 3477 invenias.
1835 3421 1873 3476 at

339 3541 432 3585 unam
460 3521 569 3596 habet,
596 3543 676 3603 quae
703 3522 736 3585 in
759 3521 903 3604 Epitome
931 3522 1137 3599 desideratur,
1165 3521 1317 3596 fabulam3
1344 3527 1390 3586 est
1419 3542 1456 3585 ea
1482 3522 1523 3584 de
1549 3519 1713 3602 Hyadibus
1739 3541 1767 3602 p.
1793 3519 1872 3583 407.

334 3619 445 3703 Ὑάδες
471 3623 598 3710 νύμφαι
627 3624 660 3692 αἱ
687 3624 887 3712 καλούμεναι
915 3628 1110 3705 Δωδωνίδες
1138 3624 1303 3693 Διονύσου
1330 3629 1465 3710 τροφοὶ’
1494 3627 1529 3691 αἳ
1555 3633 1595 3708 τῇ
1623 3618 1700 3691 'leel
1726 3616 1779 3689 διὰ
1806 3619 1873 3689 τὸν

339 3741 396 3819 τῆς
406 3725 503 3818 Ἥρας
521 3729 630 3814 φόβον
643 3735 921 3821 παρακατέθεντο
935 3726 997 3798 τὸν
1011 3730 1186 3813 Διόνυσον,
1205 3725 1260 3800 ὅτε
1278 3737 1471 3819 Λυκοῦργος
1489 3725 1592 3810 adedo
1610 3732 1725 3813 ε’ύὶοοξε
1744 3750 1872 3815 συμπε-

339 3836 475 3924 ριούσας
497 3839 615 3924 ἐκείνῳ
639 3843 693 3905 καὶ
717 3838 965 3925 κατανεμούσας
987 3833 1048 3927 τὴν
1073 3835 1230 3925 ἄμπελον.
1276 3841 1408 3906 τιθέασι
1427 3841 1464 3905 de'
1482 3865 1569 3918 τινες
1588 3833 1701 3916 αὐτοῖς
1720 3831 1874 3922 ὀνόματα

339 3939 531 4033 Άμβροσὶαν
554 3950 610 4012 καὶ
633 3941 794 4034 Εύύιύρην
818 3951 875 4013 καὶ
900 3945 1068 4034 Φαισύλρν
1091 3951 1147 4013 καὶ
1169 3944 1308 4013 τοιαῦτά
1331 3951 1469 4033 τιναῆ
1515 3954 1611 4030 atque
1638 3949 1716 4013 hacc
1742 3948 1874 4027 quidem

339 4055 381 4119 ad
403 4054 642 4120 Catesterismos
669 4057 773 4120 redire
800 4078 839 4120 ex
861 4056 976 4140 Hygini
1000 4064 1033 4120 et
1055 4055 1243 4120 scholiorum
1267 4056 1493 4121 Basileensium
1515 4076 1667 4119 consensu
1690 4055 1752 4117 iam
1775 4075 1875 4136 supra

339 4161 557 4237 conclusimus3
592 4163 648 4226 sed
678 4163 783 4245 pergit
813 4163 953 4228 Eudocie
984 4159 1016 4227 οἱ
1049 4162 1086 4227 δέ
1117 4181 1219 4244 φασιν
1251 4154 1304 4228 ὅτι
1335 4154 1445 4237 Ὑάδες
1480 4157 1609 4244 Βάκχαι
1641 4167 1775 4246 τιθῆναι
1807 4169 1874 4226 τοῦ

340 4263 503 4332 Διονύσου
526 4261 661 4334 καὶτὸν
678 4266 844 4356 Διόνυσον
855 4261 933 4356 Ὕρν
950 4261 1018 4335 dat
1036 4265 1169 4334 τούτων
1188 4274 1377 4346 καλοῦντες.
1414 4270 1477 4334 iam
1500 4291 1581 4352 quae
1599 4274 1746 4334 secuntur
1764 4269 1873 4346 verba,

340 4375 454 4441 docent
482 4398 544 4439 non
571 4377 610 4441 de
637 4377 766 4452 Bacchi,
802 4378 856 4442 sed
883 4379 923 4442 de
951 4377 1096 4460 Hyadum
1124 4378 1248 4442 nomine
1275 4377 1458 4460 explicando
1489 4377 1549 4459 agi.
1595 4377 1702 4458 itaque
1729 4374 1874 4441 Eudooia

322 4482 477 4546 seribere
504 4481 640 4547 debehat
667 4485 722 4547 καὶ
746 4475 807 4548 τὸν
830 4480 993 4549 Διόνυσον
1009 4474 1087 4569 ‘l'pv
1110 4488 1303 4560 zaroem-e
1328 4475 1412 4549 ὅθεν
1436 4484 1492 4547 καὶ
1519 4472 1615 4547 αύτιιι
1643 4473 1750 4559 ούτιος
1773 4479 1872 4570 ε’κλή-

340 4644 481 4651 —-—--—-
489 4645 499 4651 υ
510 4644 550 4651 -..i

428 4750 461 4815 ⁴¹⁵)
480 4751 523 4804 lta
542 4750 609 4815 MV,
634 4749 686 4804 nisi
710 4750 780 4820 quod
804 4744 948 4822 στεροπήν
966 4751 995 4806 Μ
1015 4717 1163 4822 ἀστραπήν
1181 4750 1220 4820 V,
1244 4748 1314 4821 quod
1338 4768 1372 4806 ex
1395 4750 1515 4806 Hesiodo
1538 4750 1653 4806 correxi.
1676 4745 1799 4821 βροντὴν
1821 4752 1871 4807 καὶ

340 4833 489 4910 ἀστραπὴν
507 4837 599 4911 φέρει,
619 4836 696 4895 καθὸ
715 4836 840 4914 ἐμφερής
859 4838 918 4897 εὀτι
938 4846 980 4916 τῷ
994 4843 1037 4896 Ad
1051 4844 1204 4898 Bekkerus.

429 4929 462 5000 ⁴⁰)
481 4928 522 4984 De
540 4930 656 5002 singulis
676 4932 766 4989 verbis
785 4948 809 4987 r.
829 4933 1001 5003 Fragmenta.
