3894 5708
280 376 379 433 Somou.
399 375 492 431 eeu.
511 374 543 432 G.
564 394 590 446 p.
611 378 669 441 161,
688 378 730 431 22.
1173 379 1304 433 Hroiuus
1322 378 1356 442 ll,
1377 376 1417 432 ll.
1605 378 1666 445 159

223 557 403 641 Neptunum
434 558 523 622 aiunt
554 556 681 622 fabulae
709 562 873 641 poetarum
971 557 1032 621 Hie
1063 579 1124 641 qua
1155 558 1195 621 de
1227 578 1321 622 cause
1351 560 1394 623 sit
1425 558 1508 624 inter
1538 564 1626 623 astra
1693 556 1806 611 XXX!-

179 663 392 747 Amphitriten
415 665 550 729 voluisse
573 665 606 726 in
625 662 803 745 coniugium
822 682 873 727 ee·
927 666 1115 741 conlocatus,
1128 664 1354 729 Eratosthenes
1368 665 1414 728 ita
1428 688 1497 729 eum
1511 665 1624 729 ceteris
1685 645 1812 714 Delphin.

178 770 290 853 cipere
323 792 403 854 quae
426 793 495 836 oum
518 770 559 836 ob
582 770 787 834 verecundiae
806 792 873 833 ma-
928 773 1018 837 ‹lioitz
1041 772 1231 855 Neptunum,
1252 793 1313 855 quo
1333 779 1472 855 tempore
1491 772 1625 837 voluerit

178 877 374 959 gnitudinem
393 885 425 943 et
438 878 630 961 virginitatis
644 876 873 941 observantiam
930 879 1142 962 Amphitriten
1179 879 1294 944 <lucore
1330 900 1470 955 uxorem,
1506 888 1538 943 ot
1569 878 1625 942 illa

152 984 218 1047 ead
261 984 421 1049 Atlantem
462 984 665 1067 confugisset,
693 985 876 1067 'Neptunus
928 988 1055 1069 cupiens
1074 1005 1257 1050 conservare
1276 987 1488 1070 virginitatem
1507 986 1669 1068 ingerite

179 1097 250 1174 post
276 1112 344 1156 eam
369 1093 451 1161 inter
474 1098 595 1156 eeteros
619 1093 729 1155 missos
753 1090 874 1174 dolphi—
928 1094 966 1157 ao
995 1093 1135 1167 Atlanta,
1160 1092 1333 1179 complures
1356 1113 1425 1155 eam
1448 1093 1623 1174 quaesitum

178 1221 251 1263 num
284 1202 380 1263 etiam
413 1199 530 1263 dieitur
561 1198 696 1273 misisse,
732 1198 786 1280 qui
819 1220 875 1280 per
929 1200 1092 1274 dimisisse,
1106 1198 1201 1265 inhis
1215 1206 1247 1263 et
1261 1198 1451 1281 Delphinum
1466 1200 1623 1281 periodum

178 1305 316 1370 Atlantis
340 1306 457 1370 insulas
476 1307 708 1387 circumvagatus
731 1327 798 1369 eain
817 1307 874 1369 asl-
928 1306 1059 1368 nomi-ne.
1106 1306 1159 1388 qui
1188 1312 1375 1389 pervagatus
1402 1306 1533 1383 insulas,
1565 1308 1623 1371 ali-

178 1412 299 1478 looutus
318 1413 361 1477 sit
379 1420 412 1477 et
426 1412 572 1496 Neptuno
592 1414 624 1475 in
642 1412 875 1475 matrimonium
928 1413 1054 1495 (luendo
1090 1412 1131 1476 ad
1167 1413 1319 1495 virginem
1355 1414 1497 1496 pervenit
1533 1413 1624 1497 eique

135 1529 168 1581 lo
177 1519 402 1583 adsumendum
439 1519 609 1582 adduxerit
648 1523 682 1581 et
718 1517 757 1581 oh
794 1519 876 1582 hano
928 1519 1092 1601 persuasit,
1115 1526 1151 1582 ut
1174 1519 1307 1585 nuberet
1325 1520 1480 1601 Neptuno,
1503 1528 1535 1584 et
1558 1521 1668 1604 ipse10

176 1647 302 1689 <ausim
326 1626 408 1690 inter
430 1631 516 1689 astra
539 1626 718 1689 cominatus
741 1624 789 1688 sit.
929 1627 1054 1709 nuptias
1078 1647 1185 1689 eorum
1208 1627 1449 1691 administravit.
1486 1648 1623 1709 proquo

928 1732 1011 1798 laeto
1049 1735 1130 1797 inter
1166 1734 1271 1797 sillero
1303 1733 1451 1816 Delphini
1488 1731 1623 1816 effigiem

928 1841 1108 1905 (annotavit.
1150 1846 1182 1904 et
1204 1839 1264 1904 hoc
1287 1839 1434 1922 einplius:
1462 1839 1514 1921 qui
1539 1840 1622 1924 Nep-

927 1954 1004 2012 tuno
1023 1947 1191 2012 simulacro
1208 1945 1342 2020 hirriunt,
1365 1946 1549 2028 delphinum
1567 1953 1624 2010 aut

927 2055 959 2118 in
982 2075 1090 2127 manu,
1117 2059 1175 2117 anu
1201 2054 1258 2117 suh
1275 2055 1357 2134 pale
1380 2055 1407 2116 ei
1432 2054 1622 2118 constituere
1635 2063 1667 2114 15

927 2160 1077 2235 virleiuus3
1115 2162 1198 2242 quod
1233 2160 1376 2243 Neptuno
1409 2162 1622 2243 gratissimum

926 2288 992 2331 esse
1016 2266 1219 2332 arbitrantur.

959 3496 970 3534 i
989 3479 1156 3549 Delphinum
1167 3478 1200 3532 R.
1220 3478 1393 3549 Delphynam
1408 3480 1437 3534 V.
1479 3480 1663 3550 ropersuesit:

923 3569 1010 3622 suasit
1034 3569 1063 3623 V.
1118 3585 1144 3625 ne
1163 3569 1189 3624 ei
1208 3568 1241 3622 R.
1262 3568 1320 3623 eiua
1344 3569 1373 3623 V.
