3894 5708
387 374 525 428 Errrous.

440 461 443 479 .

284 557 388 616 Τοῦτο
407 546 447 618 τό
463 548 587 639 άστρον
602 550 721 620 κοινόν

236 659 326 724 ἐστιν
355 652 422 724 άπό
450 657 603 745 πράξεως
630 685 720 746 γεγο-

109 746 158 828 ⁰f
234 759 293 844 νός
326 766 492 853 ἐναργοῦς.
529 761 628 856 τιμὴν
658 763 720 855 γάρ

170 862 174 869 ’
237 872 301 959 ἔχει
339 867 357 939 ό
399 871 506 960 κόραξ
544 869 635 962 παρά
671 885 721 963 τῷ

208 974 432 1048 ὀνἸπόλλοινι·
480 978 609 1068 ἑκάστῳ
659 976 721 1070 γάρ

235 1097 305 1153 τῶν
343 1095 436 1154 θεῶν
475 1084 595 1175 ὅρνιόν
632 1090 721 1157 ἐστιν

236 1189 465 1281 άνακιίμινον.
521 1201 641 1276 θυσίας
687 1200 722 1264 δὲ

234 1303 411 1390 γινομένης
429 1318 499 1382 τοῖς
513 1312 606 1384 θεοῖς
621 1325 722 1373 σπον-

237 1403 298 1497 δὴν
315 1414 484 1494 πεμφθεὶς
504 1411 634 1496 ἐνέγκαι
654 1406 722 1478 rint

194 1527 227 1581 10
237 1515 361 1605 κρήνης
391 1511 484 1596 τινός
516 1511 600 1585 ἰδών
631 1513 722 1605 παρά

235 1617 298 1711 τὴν
308 1621 435 1713 κρήνην
447 1634 551 1713 συκῆν
562 1620 723 1705 ὀλόνθους

237 1729 722 1817 ἔχουσανὲμεινινὲιοςπεπαν-

237 1833 723 1928 θῶσι,μεθ’ἱκανάςδὲῆμέρας

236 1947 487 2014 πεπανθέντιον
510 1946 644 2016 τοάτοον
667 1954 724 2017 καὶ

193 2046 356 2140 15φαγοὸν
374 2062 444 2120 τῶν
465 2065 587 2137 συκῶν,
607 2054 723 2123 αἰσθό-

235 2186 335 2247 μενος
356 2155 397 2227 τό
421 2155 609 2251 ἁμάρτημα,
633 2164 723 2250 ἔξαρ-

236 2265 345 2346 πάσας
363 2271 420 2335 καὶ
437 2263 499 2336 τόν
513 2270 550 2336 ἐν
564 2279 604 2355 τῆ
618 2269 724 2360 κρήνῃ

237 2368 341 2462 ὕδρου
365 2373 461 2463 ἔφερε
487 2371 549 2444 σὺν
572 2387 621 2464 τῷ
644 2405 724 2465 κρα-

236 2492 326 2571 τῆρι,
358 2482 501 2567 φάσκων
534 2477 638 2552 αὐτόν
671 2485 724 2552 ἐκ·

193 2593 348 2657 sentens
390 2586 474 2658 καθ’
518 2586 644 2680 ἡμέραν
684 2586 724 2659 τό

237 2695 437 2785 γιγνόμενον
474 2698 511 2764 ἐν
547 2709 588 2784 τῆ
620 2696 725 2787 κρήνῃ

237 2799 338 2891 ὕδωρ.
364 2801 382 2871 ὁ
407 2807 443 2873 δὲ
467 2800 637 2874 Ἀπόλλων
656 2807 724 2873 ἐπι-

237 2907 337 3000 γνοὺς
355 2907 397 2979 τά
415 2913 578 3001 γενόμενα
596 2923 646 3000 τῷ
665 2916 725 2999 μὲν

239 3018 359 3107 κόρακι
379 3021 416 3087 ἐν
438 3036 508 3100 τοῖς
527 3016 726 3109 άνθριάποις

193 3140 228 3194 25
239 3129 404 3214 instiutor
446 3126 569 3216 ἔθηκεν
607 3121 726 3195 ἱκανόν

238 3245 362 3303 τοῦτον
385 3229 446 3302 τόν
468 3233 594 3322 χρόνον
615 3238 726 3324 διψῆν,

238 3340 395 3429 καθάπερ
405 3336 627 3431 Ἀριστοτέλης
641 3343 725 3431 εἴρη-

324 3683 387 3737 XLI
406 3682 592 3737 Tusnnuomn.

197 3773 275 3827 ono.
293 3773 358 3840 fast.
378 3773 418 3826 ιι
433 3776 591 3826 ers-noo.

229 3880 242 3919 s
265 3870 324 3926 τοῖς
348 3866 439 3926 troie:
468 3865 507 3934 τῷ
532 3865 592 3934 θεῷ
617 3861 724 3916 Seben-

195 3953 316 4021 barb-ins,
336 3958 420 4020 otone
433 3953 475 4006 ito
489 3951 582 4020 lenisse
596 3951 726 4006 videntur

198 4042 313 4097 Ovidins
332 4047 357 4095 et
374 4041 520 4111 Hyctnnn·
538 4041 586 4095 scd
603 4029 726 4095 traditae

195 4133 306 4186 lectioni
319 4132 536 4200 patrocinantur
550 4131 629 4184 scbol.
647 4133 724 4183 Arat.

195 4227 220 4275 et
240 4220 330 4276 Geron.
370 4237 394 4275 ιτ
413 4222 461 4274 καὶ
477 4219 564 4273 delere
577 4221 637 4274 vult
649 4220 724 4290 Hen-

195 4312 268 4364 nins.
305 4326 331 4366 ss
351 4308 492 4377 instiutor
506 4309 647 4380 Heynins:
666 4306 724 4364 ἐπι-

195 4403 284 4468 τιμῶν
303 4400 374 4454 libri.

776 376 875 429 Senon.
885 376 974 428 Anne.
986 392 1009 429 r.
1021 375 1073 428 449
1083 391 1108 442 p.
1120 377 1162 438 90,
1173 375 1197 428 4.

868 553 957 630 Turde
1006 571 1087 637 φασι
1138 545 1199 618 τόν

819 658 949 747 κόρακα
987 657 1200 746 [θεράποντα

821 764 1029 846 Ἀπόλλωνος
1102 762 1199 854 ὄντα]

819 871 877 944 ὑπ’
927 872 1032 944 αὐτοῦ
1077 887 1200 944 τοῦτον

792 993 1017 1072 ὀπτμφδῆναι
1042 987 1202 1052 σπονδῶν

818 1090 916 1178 χάριν
945 1090 982 1157 ἔκ
1005 1089 1098 1170 τινός
1120 1111 1201 1180 φησι

820 1208 973 1286 καθαρᾶς
1009 1196 1132 1287 κρῆνῆς
1165 1199 1202 1265 ἐν

820 1316 958 1395 κρατῆρι
1017 1315 1202 1393 κομιοῦντα

820 1408 920 1499 ὕδωρ.
946 1411 1063 1480 ἰδόντα
1088 1416 1123 1480 δὲ
1147 1434 1201 1480 σο-

779 1531 884 1610 Ιοκῆν
918 1516 1079 1600 disseces
1111 1519 1201 1607 ἕχον·

822 1649 884 1696 σαν
921 1623 1110 1715 άναμιῖναι,
1149 1630 1202 1714 μέ-

819 1762 890 1823 χρις
918 1730 960 1802 dv
982 1744 1201 1804 πεπανθῶσι·

822 1841 974 1929 φαγόντα
1026 1845 1061 1909 δὲ
1112 1837 1202 1912 oden

821 1954 878 2017 καὶ
888 1944 927 2017 τό
939 1944 1112 2038 ἁμάρτημα
1127 1971 1202 2018 σον-

778 2070 812 2124 15
822 2055 1005 2147 νοήσαντα,
1033 2051 1202 2144 ἁρπάσαν-

821 2190 863 2232 τα
885 2159 948 2232 τόν
968 2158 1071 2251 ὕδρον
1090 2166 1127 2231 ἐκ
1146 2176 1204 2254 τῆς

821 2282 927 2360 πηγῆς
950 2265 1036 2357 ὁμοῦ
1057 2281 1107 2360 τῷ
1126 2299 1203 2359 κρα-

821 2389 896 2466 τῆρι
925 2381 1040 2467 φέρειν
1068 2384 1126 2447 καὶ
1153 2381 1203 2447 λε’-

822 2511 892 2572 γειν
925 2480 971 2565 ὡς
1001 2484 1203 2555 διεκωλύετο

778 2606 814 2658 20
823 2588 1049 2681 ὑδρεύσασθαι
1071 2588 1128 2660 ὑπ’
1148 2589 1203 2660 αό-

823 2710 898 2768 τοῦ·
937 2695 1131 2769 Ἀπόλλωνα
1169 2704 1204 2768 δὲ

822 2805 948 2894 γνόντα
971 2803 1116 2896 τάληθὲς
1142 2802 1204 2875 τόν

823 2918 884 3001 μὲν
953 2916 1012 3005 [εἰς
1083 2912 1205 3002 όρνεον

824 3016 929 3089 αὐτόν
985 3032 1203 3109 μεταμορφῶ-

779 3142 879 3197 ibono
902 3128 970 3218 καὶ]
997 3138 1134 3216 ποιῆσαι
1159 3132 1204 3195 δι-

823 3245 892 3325 ψῆν
915 3239 992 3322 περὶ
1014 3229 1076 3325 τὴν
1096 3229 1205 3324 άκμῆν

823 3353 881 3432 τῆς
918 3338 1069 3430 ὀπώρας,
1106 3369 1203 3431 κατη-

816 3683 972 3739 Soboliasta
991 3699 1103 3738 eorunm
1123 3684 1203 3754 prin·

780 3775 852 3843 cipio
870 3774 1005 3828 bominem
1022 3773 1110 3840 fnisse
1123 3779 1205 3827 ratns

779 3880 821 3932 ca,
841 3879 913 3931 qnae
930 3864 1012 3917 oncis
1025 3863 1135 3932 inclusi,
1153 3879 1205 3917 eno

781 3955 873 4007 Morte
893 3953 1011 4007 addidit.

815 4060 828 4099 c
865 4058 934 4110 φησι
972 4042 1035 4096 MV
1071 4041 1205 4095 nimirum

779 4131 976 4186 Eratosthenes
994 4133 1026 4185 in
1041 4131 1203 4185 θανατικῆς-

779 4223 838 4290 mio,
854 4238 923 4289 qnos
937 4221 1071 4275 insanit.
1105 4237 1204 4275 isocr-

780 4305 922 4380 νοὴσαντα
964 4311 1203 4366 Wdomowittins:

780 4395 964 4469 συνδήσαντα
983 4401 1051 4456 MV.

1253 375 1353 428 Sason.
1373 372 1467 426 Gnnu.
1487 371 1538 426 BP.
1562 388 1589 440 p.
1609 372 1670 433 100,
1690 370 1733 425 12.

1299 552 1368 616 Hoc
1387 551 1510 635 signum
1525 571 1689 616 commune

1254 666 1314 736 est,
1355 658 1440 743 quod
1481 663 1529 722 est
1569 656 1690 721 iactum

1254 788 1393 848 enarges.
1428 765 1602 830 honoratus
1640 768 1691 827 est

1254 879 1360 938 nutem
1387 888 1498 938 oernss
1525 871 1565 936 ab
1591 871 1689 954 Apol-

1255 981 1318 1044 line
1332 979 1382 1017 *²
1417 977 1570 1044 sacrificio
1603 977 1691 1042 facto
1722 987 1741 1039 b

1255 1089 1323 1153 deis
1369 1087 1512 1170 sponderi
1561 1084 1692 1150 adferre

1255 1198 1295 1262 dc
1321 1197 1394 1259 lacu
1421 1194 1574 1277 quodam,
1605 1192 1692 1276 quod

1256 1304 1318 1368 fuit
1350 1307 1488 1377 castum,
1520 1305 1695 1383 antequam

1258 1413 1364 1476 vinum
1382 1408 1611 1474 ostenderetur.
1636 1407 1695 1490 qui

1257 1541 1326 1584 cum
1349 1521 1480 1586 vidisset
1502 1515 1543 1579 ad
1570 1513 1695 1579 iontem
1708 1524 1744 1577 10

1256 1627 1333 1695 ficus
1370 1645 1495 1711 grossos
1526 1619 1695 1697 habentes,

1256 1736 1364 1801 volans
1397 1742 1538 1807 consedit
1569 1744 1604 1807 i11
1637 1733 1695 1809 05⁸,

1258 1843 1357 1910 donec
1392 1853 1536 1914 maturae
1569 1847 1694 1913 fierent.

1257 1958 1329 2035 post
1338 1974 1454 2037 paucos
1465 1956 1533 2021 dies
1546 1960 1696 2040 peractos

1258 2068 1362 2126 coctas
1380 2061 1434 2127 ille
1452 2061 1529 2128 ficus
1547 2063 1696 2129 comedit.
1709 2073 1745 2126 15

1257 2189 1327 2232 cnm
1338 2169 1486 2235 sensisset
1496 2193 1528 2237 se
1538 2192 1696 2255 peccasse,

1258 2275 1354 2358 eripit
1381 2298 1420 2341 ex
1450 2299 1488 2342 eo
1520 2279 1608 2344 fonte
1635 2301 1695 2342 nn-

1258 2403 1358 2464 guem.
1390 2386 1500 2450 attulit
1527 2408 1597 2452 eum
1623 2387 1697 2469 ipso

1258 2497 1380 2556 cratere
1408 2493 1514 2559 dicens
1546 2492 1697 2570 ebibisse,

1259 2599 1342 2680 quod
1371 2597 1477 2665 fluerit
1507 2601 1539 2664 in
1573 2599 1746 2666 fontem20

1258 2725 1368 2787 aquae.
1387 2728 1422 2772 re
1437 2709 1564 2791 cognita
1577 2707 1697 2791 Apollo

1258 2833 1350 2876 corvo
1364 2813 1448 2878 inter
1462 2815 1603 2879 homines
1617 2835 1698 2897 poe·

1258 2942 1332 2983 rrum
1368 2920 1409 2984 ad
1442 2943 1576 3004 paucum
1610 2926 1698 2985 tem·

1258 3049 1317 3110 pus
1335 3027 1425 3092 dedit
1447 3027 1542 3104 sitim,
1564 3034 1601 3091 ut
1620 3029 1698 3093 Ari-

1259 3134 1386 3199 stoteles
1405 3135 1483 3200 dicit
1501 3136 1534 3198 in
1548 3156 1585 3199 ec
1599 3135 1698 3213 libro,
1709 3146 1746 3200 25

1259 3242 1312 3325 qui
1341 3242 1380 3306 de
1407 3241 1517 3307 bestiis
1547 3242 1699 3307 inscribi-

1259 3355 1320 3426 tur,
1338 3356 1374 3414 ut
1392 3350 1460 3433 ipse
1478 3349 1600 3435 peccati
1618 3371 1698 3435 pee-

1292 3704 1305 3743 s
1333 3701 1449 3756 ennrges
1476 3692 1533 3759 βει
1571 3686 1644 3742 arcis
1680 3688 1744 3743 BP.

1257 3792 1270 3832 5
1294 3775 1413 3829 ῑατιικαι
1435 3776 1546 3846 εἱρκκνι
1565 3776 1667 3844 posni;
1696 3793 1745 3830 en·-

1259 3865 1386 3918 cidernnt
1404 3864 1494 3920 iussus
1513 3871 1605 3920 autem
1624 3865 1669 3918 cel
1687 3866 1747 3921 talc

1259 3954 1334 4022 qnid.
1355 3953 1441 4010 cdeis
1456 3954 1578 4024 sponden
1593 3957 1624 4025 βε
1644 3953 1682 4009 de
1699 3954 1745 4010 bis

1258 4043 1451 4112 respondenda
1469 4043 1529 4098 BP.
1572 4060 1599 4098 10
1614 4049 1682 4111 post
1701 4043 1745 4098 vi-

1259 4133 1357 4187 disset:
1378 4138 1407 4187 et
1425 4132 1485 4185 BP.
1506 4131 1557 4187 dd.
1578 4131 1744 4187 Merkclins.

1258 4239 1281 4276 τι
1304 4227 1369 4290 post
1393 4238 1512 4291 grossos:
1541 4220 1655 4275 arbores
1680 4221 1745 4277 BP.

1259 4311 1309 4366 dd.
1328 4309 1523 4381 Kiesstinoias.
1565 4326 1591 4365 ιι
1609 4317 1747 4379 peractos

1259 4407 1350 4455 coctus
1375 4401 1489 4469 scripsi:
1516 4404 1644 4469 peractos
1674 4416 1746 4468 agro

1255 4495 1284 4543 et
1292 4489 1353 4544 BP.
1364 4485 1490 4559 peracto?
1509 4487 1647 4544 sacrificio
1663 4494 1694 4543 et
1712 4489 1745 4544 S.

195 4586 310 4650 peracto
329 4595 406 4635 sacro
426 4579 583 4634 Merbetins.
630 4596 700 4635 uus
719 4595 835 4649 anguem
854 4579 1019 4635 Merkctins:
1037 4595 1136 4649 aquam
1155 4579 1215 4634 BP.
1262 4597 1287 4635 rs
1307 4578 1426 4634 ebibisse
1444 4582 1500 4650 βει
1520 4577 1659 4633 excidisse
1679 4577 1744 4633 BP.

195 4672 291 4738 donne
310 4670 402 4739 troisse
419 4669 531 4723 oidctnr
549 4665 667 4736 ἐκπιεῖν,
687 4669 763 4736 qnod
781 4685 848 4724 core
865 4686 900 4723 ne
917 4671 1055 4723 restituas.
1093 4687 1119 4726 eo
1133 4669 1226 4723 fluerit
1243 4669 1356 4738 scripsi:
1373 4667 1459 4724 fucrit
1476 4667 1538 4722 BP.
1557 4683 1691 4735 nequae
1709 4671 1747 4738 βε

196 4774 267 4828 aqua
286 4759 345 4812 BP.
384 4760 455 4827 quod
475 4758 605 4813 fueritin
624 4758 700 4814 fonte
719 4775 808 4828 aquae
827 4762 853 4829 β,
873 4774 943 4827 quae
962 4756 1093 4813 fueritin
1113 4758 1215 4813 iontem
1235 4773 1334 4826 squam
1355 4776 1378 4812 ε.
1477 4775 1503 4812 ss
1521 4756 1595 4811 inter
1614 4755 1745 4811 homines

196 4849 228 4904 P.
247 4848 321 4903 inter
340 4848 495 4904 hominibus
512 4850 547 4902 B.
602 4867 635 4905 ss.
650 4866 676 4904 ιτ
695 4848 855 4904 inscribitur
872 4848 984 4917 scripsi:
1002 4847 1133 4903 scribitur
1150 4848 1211 4902 BP.
1227 4853 1292 4917 post
1310 4845 1470 4902 inscribitur
1488 4846 1523 4899 ab
1540 4845 1747 4913 interpolatore

195 4939 264 4993 boec
282 4939 383 4994 addita
404 4944 485 4994 snnt:
506 4939 573 4994 item
592 4939 713 4994 Isidorus
732 4937 760 4993 in
779 4937 952 4993 naturalibus
975 4937 1066 4993 idest
1085 4936 1207 5010 physicis
1226 4935 1373 4998 memoriae
1392 4935 1515 4997 tradidit.
1555 4934 1589 5000 cf.
1608 4934 1743 5004 Proteoo-

196 5046 278 5087 neena
292 5045 322 5098 p.
342 5033 376 5084 15
386 5047 407 5084 s.
481 5047 506 5086 rr
525 5028 636 5103 pcccati
654 5027 854 5099 Kiesstinyins:
872 5027 995 5101 peccatis
1013 5026 1073 5081 BP.
