3894 5708
304 370 404 425 Senon.
425 369 519 423 Graan
539 370 571 423 G.
591 386 616 438 p.
639 371 697 429 142.
717 370 759 423 ⁶20.

247 548 346 626 Quem
364 548 496 612 arietem
516 547 673 612 Hesiodus
693 554 725 611 et
744 547 901 630 Pherecy-

201 655 258 720 des
281 655 389 719 dieunt
412 654 453 718 ad
472 655 715 719 ministrandum
734 655 852 719 Phrixo
871 660 903 718 ot

202 760 285 826 Helli
308 782 487 826 concessum
512 784 531 824 a
554 760 692 824 nubibus
711 760 815 824 fuisso.
848 762 902 844 qui

201 888 272 932 cum
307 867 530 932 transfretaret
565 889 618 932 eos
657 867 776 931 Hellem
815 888 903 931 secus

173 973 458 1057 caugustissirmm
482 995 568 1038 mare
591 994 629 1037 ac
647 975 752 1056 potius
771 975 804 1038 in
822 975 903 1038 mari

202 1082 348 1164 proiecit,
376 1081 430 1163 qui
458 1080 588 1163 pelagus
617 1080 657 1143 ab
687 1082 753 1144 eius
776 1081 903 1145 nomine

202 1188 423 1272 Hellespontus
452 1192 588 1251 vocatur.
644 1208 739 1269 quam
766 1188 857 1251 aiunt
883 1209 903 1250 a

203 1293 351 1377 Neptuno
387 1294 540 1358 salvatam
572 1300 603 1357 et
636 1294 738 1357 eidem
769 1315 902 1376 puerum

203 1400 358 1465 Paeonem
368 1402 520 1484 genuisse.
540 1399 692 1463 Phrixum
701 1407 807 1463 autem
817 1403 900 1483 apud

155 1507 360 1571 ldEuxinum
409 1508 510 1571 sinum
552 1507 730 1589 praelatum
771 1509 901 1573 arietem

202 1613 338 1678 salvasse
361 1620 394 1678 et
416 1615 457 1678 ad
481 1613 611 1678 Aeetam
634 1615 817 1696 perduxisse

202 2881 294 2963 eique
317 2901 405 2943 suam
428 2901 556 2944 auream
579 2880 706 2964 pellem,
732 2885 902 2961 antequam

202 2987 286 3051 inter
308 2993 395 3051 astra
418 2987 612 3069 procederet,
635 2988 830 3051 concessisse.

446 3413 472 3464 p.
493 3396 553 3461 144,
574 3399 614 3450 rs.

250 3502 354 3566 Habet
377 3502 531 3586 siquidem
557 3503 664 3567 stellas
684 3502 774 3567 XVII
799 3504 830 3566 id
855 3510 903 3568 est

152 3618 193 3671 30
204 3610 239 3671 iu
253 3610 355 3692 capite
369 3631 473 3684 unam,
494 3612 525 3672 iu
541 3608 670 3674 naribus
685 3615 758 3685 tros,
775 3609 807 3672 in
822 3610 902 3673 eollo

203 3716 297 3792 duas,
334 3717 366 3779 in
398 3717 579 3780 summitate
612 3717 780 3781 anterioris
813 3717 902 3799 pedis

202 3843 307 3898 unam,
322 3824 353 3886 in
368 3823 459 3904 spina
468 3826 627 3905 quattuor,
643 3825 673 3885 in
688 3824 903 3899 saudaumim,

204 3929 237 3991 in
252 3935 359 3993 ventre
374 3935 448 4004 tres,
464 3931 494 3991 in
505 3929 613 3992 lumbo
624 3950 726 4004 unani,
740 3930 771 3991 iu
782 3951 903 3993 summo

204 4036 284 4117 pede
308 4058 410 4098 unam.

196 4480 223 4518 ro
241 4461 329 4516 sinum
351 4469 413 4530 post
436 4462 557 4516 salvasse
583 4463 614 4516 G.
640 4465 750 4516 troierit
776 4463 904 4516 ll'ilomo·

153 4554 264 4607 wilzos.
338 4571 361 4606 n
383 4556 497 4605 Aeetam
517 4556 542 4621 st.
564 4553 653 4606 eidem
675 4551 707 4604 G,

1204 370 1335 424 Haemus
1355 373 1388 433 ll,
1408 373 1450 426 20.
1639 373 1699 438 125

1000 548 1061 612 Hic
1089 550 1288 613 existimatur
1315 570 1394 626 esse,
1422 552 1476 633 qui
1503 549 1656 615 Phrixum

956 655 1154 719 transtulisse
1188 660 1220 719 ot
1248 655 1360 719 Hellen
1394 656 1496 723 dictus
1525 664 1573 722 est
1599 680 1657 741 per

956 761 1203 843 Hellespontum.
1236 783 1329 843 quem
1348 763 1505 827 Hesiodus
1524 771 1556 827 et
1575 764 1655 829 Phe-

956 869 1085 949 recydes
1117 869 1163 931 ait
1194 867 1342 933 habuisse
1374 891 1502 934 auream
1529 871 1656 953 pellem;

957 975 994 1036 do
1009 995 1075 1054 pao
1091 974 1169 1036 (tlibi
1179 975 1281 1053 plora
1296 977 1440 1040 dicemus.
1455 977 1529 1067 'sed
1544 977 1656 1042 Hellen
1684 988 1701 1039 o

957 1081 1109 1145 decidisse
1138 1081 1169 1142 in
1193 1081 1446 1165 Hellespontum,
1474 1089 1506 1146 et
1528 1104 1548 1146 a
1571 1083 1655 1167 Nep-

956 1194 1033 1251 tuno
1075 1208 1273 1268 conpressam
1310 1188 1435 1253 Paeona
1475 1211 1656 1271 procreasse

957 1293 1133 1376 conplures,
1155 1294 1305 1357 nonnulli
1328 1296 1477 1358 adoriam
1500 1296 1656 1360 dixerunt.

955 1407 1121 1483 praeterea
1140 1400 1290 1465 Phrixum
1311 1402 1494 1466 incolumem
1514 1404 1554 1466 od
1576 1403 1656 1467 dee-

956 1514 1022 1571 tam
1045 1509 1231 1590 pervenisse,
1669 1527 1701 1578 ld

957 2238 1087 2302 arietem
1125 2237 1191 2300 lovi
1234 2238 1424 2312 immolasse,
1467 2238 1582 2320 pellem
1624 2240 1656 2301 in

958 2346 1075 2427 templo
1098 2343 1203 2409 fixisse
1222 2349 1250 2407 ct
1270 2345 1382 2407 arietis
1402 2345 1503 2423 ipsios
1522 2345 1658 2426 effipiam

958 2452 998 2514 ab
1008 2452 1098 2514 Nube
1111 2453 1194 2514 ‘irater
1208 2452 1315 2514 sidera
1329 2452 1531 2513 caracenam
1545 2451 1657 2515 babere

957 2563 1076 2638 tempas
1104 2560 1196 2635 oraret,
1227 2579 1289 2640 quo
1317 2557 1510 2636 framenta-nr
1538 2561 1700 2621 serator-eo

955 2664 1035 2741 ideo,
1053 2665 1139 2745 pared
1148 2664 1209 2727 Ino
1224 2669 1338 2728 testeam
1352 2666 1463 2727 severit
1478 2670 1560 2738 cate,
1576 2686 1657 2745 prece

956 2772 1092 2834 irradiare
1114 2771 1211 2852 stipae
1234 2770 1429 2849 fallsasse.

988 2878 1043 2941 sed
1055 2877 1280 2940 Eratosthenes
1290 2877 1334 2940 ait
1341 2879 1474 2941 arietem
1485 2876 1544 2939 sihi
1556 2878 1656 2959 ipsum

956 2984 1071 3066 pellem
1085 3005 1213 3047 auream
1228 2985 1400 3049 detraxisse
1416 2991 1447 3047 ct
1462 2983 1578 3047 Plnixo
1594 3007 1656 3047 me

956 3090 1075 3153 moriae
1099 3111 1193 3154 causa
1217 3091 1349 3166 dedisse,
1372 3093 1474 3173 ipsum
1492 3091 1533 3153 ad
1552 3091 1702 3154 siderare

956 3196 1147 3279 pervenisse,
1171 3218 1233 3279 qua
1256 3219 1303 3272 re,
1327 3202 1362 3260 at
1385 3218 1486 3276 sopra
1510 3197 1657 3273 (lisimas,

957 3303 1118 3367 obscurius
1142 3304 1286 3367 videatur
1309 3325 1417 3396 carens
1439 3303 1529 3385 pelle.

1275 3411 1324 3471 ΙΙΙ,
1346 3411 1386 3462 19,

1002 3499 1107 3563 Habet
1130 3504 1235 3563 autem
1260 3502 1291 3563 in
1310 3500 1414 3581 capite
1434 3499 1556 3563 stellam
1578 3499 1601 3575 l,
1625 3500 1656 3562 in

957 3605 1103 3670 cornibus
1133 3605 1193 3682 ΙΙΙ,
1226 3607 1258 3668 in
1291 3606 1410 3669 cervice
1439 3604 1484 3680 ll,
1516 3606 1549 3668 in
1576 3605 1702 3687 pede30

958 3714 1062 3796 priore
1081 3713 1120 3777 de
1139 3714 1249 3795 primis
1265 3713 1289 3788 l,
1309 3714 1339 3775 in
1357 3712 1569 3793 interscapilio
1585 3710 1658 3786 llll,

957 3821 988 3882 in
1013 3821 1114 3884 cauda
1133 3818 1157 3894 l,
1180 3821 1238 3884 sub
1262 3826 1371 3884 ventre
1389 3826 1463 3893 tres,
1487 3819 1518 3881 in
1542 3817 1657 3880 lumbis

957 3949 1061 4001 cincun,
1077 3927 1107 3988 iu
1124 3927 1205 4007 pede
1219 3928 1394 4010 posteriore
1405 3946 1507 3989 unam.
1531 3925 1658 3987 omuino

958 4039 1006 4096 est
1029 4031 1192 4096 stellarum
1215 4032 1315 4096 lll'll.

996 4479 1021 4516 rs
1031 4469 1059 4513 et
1069 4459 1165 4513 ariolis
1184 4491 1215 4497 -
1238 4480 1262 4513 aa
1274 4475 1356 4513 (eausa
1372 4458 1405 4524 ef.
1420 4457 1613 4527 Prolepomeno
1627 4476 1656 4525 p.
1668 4461 1700 4510 rt

960 4557 984 4603 el
995 4550 1026 4603 ΙΙ
1025 4551 1098 4617 apia
1108 4549 1163 4612 sola
1176 4549 1196 4600 Ι
1195 4549 1213 4599 Ι
1213 4589 1218 4599 .
1292 4568 1317 4602 ao
1324 4555 1386 4614 post
1398 4565 1463 4614 que:
1475 4555 1597 4615 tempore
1607 4548 1703 4613 repetit

966 4639 995 4690 l'.
1044 4656 1066 4690 m
1081 4639 1128 4689 luo
1144 4638 1214 4704 qrrrul
1231 4645 1328 4689 tostum
1345 4636 1448 4689 severit
1462 4643 1526 4689 ante
1541 4636 1704 4687 Barsirmas

150 4735 259 4801 poetae
280 4729 467 4796 frepruentum
491 4745 545 4780 csse
564 4735 653 4780 rotas.
692 4729 753 4781 ideo
773 4730 844 4795 quod
866 4737 966 4782 tostum
987 4696 1083 4791 ebitum
1102 4726 1126 4777 n
1140 4735 1228 4778 ortonr
1246 4725 1289 4786 (τ’.)
1309 4725 1410 4779 severit
1425 4732 1489 4778 ante
1506 4723 1628 4789 GMRV,
1648 4725 1704 4777 nisi

155 4817 237 4887 qarod
252 4817 277 4869 l'
292 4817 353 4870 ideo
373 4818 478 4869 errrittr't.
518 4818 564 4869 lno
585 4817 701 4869 inscruit
721 4816 898 4868 dlaoreleeras.

972 4836 997 4872 aa
1017 4817 1063 4867 sed
1083 4816 1197 4881 scripsi:
1217 4823 1244 4867 et
1261 4814 1316 4866 VG.
1332 4831 1383 4867 eru¹
1399 4815 1456 4866 clii.
1526 4832 1553 4868 eo
1563 4812 1703 4865 cornibus:

154 4914 213 4963 aut
231 4905 343 4960 naribus
361 4905 535 4958 scribendam
559 4913 595 4957 est
616 4912 665 4958 aad
684 4905 864 4958 slrtloeadam
887 4897 1032 4975 [lypinrnu
1056 4907 1086 4956 in
1110 4903 1231 4970 escape
1254 4920 1304 4955 aare
1329 4898 1459 4969 aepularer
1479 4919 1534 4969 pro
1552 4895 1704 4970 μυκτήρων

151 4997 293 5063 scriptam
312 4995 453 5048 insanisse.
525 5011 551 5049 ss
571 4995 661 5047 XVll:
684 4995 773 5046 XVlll
794 4993 827 5046 R.

1737 553 1822 607 XIX.

1739 644 1823 695 ,trica
