3894 5708
197 344 262 410 240

197 523 411 589 circumlatam
440 522 552 607 63361)
580 523 665 605 quod
693 542 767 588 vere
790 522 874 587 idem
897 521 1051 604 Bergkius
1075 521 1287 606 Pherecydem
1309 522 1370 589 boc
1392 523 1531 589 carmine
1552 543 1644 588 usum
1667 543 1737 588 6336

197 631 287 709 61611,
319 631 353 696 16
383 629 438 695 1116
468 629 547 694 mihi
578 630 707 713 quidem
739 652 778 694 ex
805 629 952 713 Hyadum
983 629 1163 694 nominibus
1194 651 1275 714 6666
1307 630 1418 696 eadem
1449 632 1534 715 apud
1565 636 1737 713 utrumque

197 742 271 802 3661
303 735 344 824 (v.
373 736 512 820 catalog.
545 734 655 821 fragm.
684 736 868 822 111p.42.
909 736 1122 802 Catasterism.
1153 736 1264 821 fragm.
1290 759 1320 821 p.
1351 739 1413 804 106
1446 739 1573 804 Hesiod.
1604 738 1642 804 fr.
1672 738 1734 804 181

196 843 368 930 Marksch.)
394 848 480 910 recte
503 844 689 910 conclusisse
716 844 855 922 videtur,
886 865 988 928 neque
1015 850 1123 911 tamen
1149 845 1297 911 idoneum
1324 853 1544 931 argumentum
1571 851 1633 924 631,
1664 867 1738 911 eum

196 952 370 1018 adversarii
401 954 472 1035 pari
504 953 573 1016 iure
604 951 766 1017 falsarium
794 951 983 1037 Pherecydis
1016 952 1135 1036 scripta
1167 953 1351 1037 compilasse
1383 956 1574 1021 contendere
1605 953 1738 1039 possint

196 1081 294 1144 quare
317 1059 417 1126 denec
438 1059 572 1125 fortiora
594 1064 782 1145 argumenta
803 1060 999 1138 adferantur,
1021 1065 1162 1133 tenemus
1181 1060 1416 1127 Astrenomiam
1438 1061 1630 1128 Hesiodeam
1647 1081 1669 1125 a
1686 1079 1738 1125 ce·

196 1169 286 1245 teria,
309 1190 389 1253 quae
412 1168 544 1233 Hesiodi
566 1168 692 1233 nomine
716 1167 876 1245 extabant,
900 1167 1091 1234 carminibus
1114 1173 1256 1253 tempore
1278 1190 1343 1233 non
1365 1169 1458 1234 nimis
1481 1169 1601 1235 distare
1624 1167 1738 1232 carmi-

195 1288 332 1359 numque
355 1276 636 1341 astrencmicorum
662 1276 756 1359 longe
783 1275 1028 1341 vetustissimum
1056 1298 1131 1342 6336.
1164 1297 1265 1359 66666
1292 1277 1323 1340 16
1350 1277 1547 1360 fragmentis,
1576 1279 1740 1359 quaeant

196 1385 334 1449 carmine
360 1382 415 1447 illo
443 1384 560 1449 diserte
587 1381 749 1449 nominato
776 1382 962 1448 adferuntur
989 1389 1045 1449 aut
1072 1383 1210 1449 anobis
1237 1384 1313 1449 illuc
1340 1384 1442 1449 relata
1468 1388 1555 1461 sunt,
1587 1383 1614 1447 si
1640 1380 1740 1448 Scor-

196 1491 334 1575 pionem,
363 1492 402 1556 de
429 1511 491 1574 quo
518 1490 580 1554 iam
608 1489 707 1555 locuti
733 1512 852 1568 sumus,
880 1488 1030 1574 excipias,
1057 1491 1156 1555 ullum
1185 1495 1246 1568 est,
1273 1491 1358 1575 qued
1384 1512 1448 1556 non
1475 1490 1607 1557 Hesiodi
1630 1493 1740 1554 aetate

197 1603 306 1664 netum
329 1599 425 1663 fuisse
448 1603 580 1674 constet,
602 1598 697 1662 immo
721 1597 762 1662 ab
785 1598 854 1682 ipse
872 1598 1012 1664 Hesiodo
1034 1598 1112 1663 alibi
1132 1604 1398 1664 commemoretur.
1427 1603 1501 1663 sunt
1519 1602 1625 1662 autem
1644 1596 1739 1661 haec:

196 1705 325 1789 Hyades
361 1705 439 1791 (181
474 1705 631 1771 Marksch.
671 1704 712 1769 12
739 1704 832 1770 Kink.
873 1704 911 1770 cf.
939 1705 1031 1789 Oper.
1060 1705 1154 1792 615),
1194 1706 1320 1772 Pliades
1356 1706 1444 1791 (179.
1479 1705 1543 1771 180
1579 1702 1741 1768 Marhsch.

111 1832 122 1847 ·
198 1813 308 1878 9-11
334 1812 427 1877 Kink.
451 1813 488 1877 ef.
512 1813 605 1897 Oper.
629 1812 702 1876 383.
725 1810 791 1877 572
815 1817 847 1877 61
869 1813 1011 1898 passim),
1039 1813 1122 1878 Ursa
1144 1814 1244 1878 maier
1268 1815 1348 1900 (182
1371 1809 1528 1878 Marksch.
1555 1812 1596 1877 13
1618 1808 1742 1895 Kink.),

198 1918 351 1986 Arcturus
380 1921 420 2007 (v.
445 1942 541 2004 supra
568 1926 600 1985 et
623 1920 739 1985 Catast.
762 1919 840 1984 VIII
868 1919 906 1984 61.
929 1920 1022 2004 Oper.
1045 1921 1119 1986 566.
1144 1919 1232 2008 610),
1256 1919 1353 1985 Orion
1376 1918 1465 2005 (185.
1491 1918 1553 1982 186
1578 1915 1741 1981 Markseh.

109 2076 112 2080 .
200 2025 241 2090 15
265 2027 358 2091 Kinlr.
386 2027 424 2092 ef.
448 2027 539 2110 Oper.
564 2027 638 2091 598.
662 2027 725 2091 609
755 2032 787 2092 et
814 2028 954 2113 passim).
987 2028 1123 2111 denique
1150 2028 1203 2092 vix
1230 2028 1419 2094 monendum
1447 2031 1586 2091 631666
1612 2027 1744 2089 tantum

197 2132 312 2199 fabulis
332 2135 365 2199 in
384 2133 443 2200 hae
461 2134 662 2199 astronomia
679 2134 833 2199 tributum
853 2133 958 2212 fnisse,
980 2142 1134 2218 quantum
1152 2136 1253 2200 visum
1272 2141 1321 2201 est
1338 2131 1591 2199 Markscheffelio
1609 2154 1640 2214 p.
1662 2130 1744 2205 1953

197 2243 254 2307 sed
286 2243 325 2308 de
358 2249 430 2307 ortu
460 2243 567 2326 potius
599 2263 771 2326 occasuque
804 2263 988 2325 paucorum,
1020 2264 1101 2327 6666
1131 2249 1200 2307 tum
1226 2247 1303 2307 6616
1331 2248 1434 2320 erant,
1465 2241 1605 2305 siderum
1631 2243 1743 2303 actum

199 2370 274 2415 6336.
306 2350 370 2415 iam
394 2370 481 2425 vero,
509 2350 632 2432 opinor,
661 2349 730 2413 luce
753 2349 868 2414 clarius
892 2348 1095 2426 factumest,
1123 2348 1290 2415 falsissime
1313 2349 1423 2413 Phrixi
1450 2346 1629 2424 historiam,
1657 2366 1744 2429 quae

199 2458 231 2520 in
255 2448 487 2522 Catasterismis
511 2479 548 2521 ex
571 2456 710 2522 Hesiodo
732 2463 890 2534 narratur,
912 2456 1203 2522 aMarkscbeffelio
1227 2464 1260 2522 et
1277 2456 1424 2522 Kinkelio
1444 2455 1744 2531 adAstronomiam

199 2563 311 2629 referri
335 2563 415 2648 (183
438 2563 594 2630 Marksch.
621 2564 662 2627 14
685 2563 829 2650 Kinkel);
857 2565 887 2629 ei
909 2565 1014 2648 potius
1038 2566 1071 2628 in
1095 2565 1254 2648 Catalogis
1276 2571 1333 2628 661
1355 2562 1448 2628 Eoeis
1471 2583 1544 2626 suns
1568 2562 1655 2627 16663
1678 2566 1744 2635 631;

200 2693 257 2754 ego
285 2672 325 2736 ad
350 2672 450 2737 Eoeas
478 2670 597 2737 referre
623 2672 721 2747 malo,
749 2671 782 2734 in
811 2671 924 2755 quibus
947 2670 1057 2735 Phrixi
1086 2693 1137 2736 res
1163 2671 1259 2736 latius
1287 2673 1446 2754 expositas
1473 2668 1570 2734 161336
1593 2689 1632 2734 ex
1655 2688 1744 2733 corn·

198 2779 341 2863 pluribus
368 2779 553 2862 fragmentis
581 2779 730 2844 discimus
754 2777 842 2863 (160.
868 2778 940 2843 161.
967 2778 1029 2843 165
1053 2778 1208 2844 Marksch.
1235 2779 1307 2843 162.
1335 2779 1405 2844 163.
1431 2776 1634 2864 167Κ1616).
1681 2797 1745 2841 666

199 2887 302 2951 minus
330 2886 408 2952 falso
432 2886 640 2953 Phaethontis
667 2885 843 2970 fabulae,⁹)
866 2907 962 2968 quam
985 2887 1189 2969 integriorem
1211 2887 1245 2951 in
1268 2885 1431 2968 Epimetro
1459 2883 1561 2968 primo
1584 2906 1614 2966 p.
1640 2883 1743 2947 2143.

200 3016 240 3059 ex
267 2993 393 3059 scholiis
421 2992 612 3059 Strozzianis
639 2976 881 3070 enucleavimus,
913 2992 1005 3076 vulgo
1039 2994 1071 3057 in
1098 2993 1301 3058 Astronomia
1331 2992 1434 3057 locum
1461 2991 1631 3075 adsignant
1658 2989 1743 3076 (184

200 3101 355 3168 Marksch.
382 3102 422 3165 16
445 3100 586 3183 Kinkel),
613 3121 684 3165 eum
706 3100 794 3166 sidus
816 3101 901 3183 quod
924 3100 1083 3166 Eridanus
1105 3102 1197 3165 audit
1223 3107 1289 3165 tam
1311 3101 1443 3183 antiquo
1466 3104 1607 3182 tempore
1630 3102 1743 3162 notum

200 3207 297 3273 fuisse
319 3229 376 3273 nec
399 3209 544 3273 tradatur
568 3229 625 3273 nec
646 3207 812 3291 probabile
834 3209 885 3273 sit.
930 3208 1038 3290 itaque
1061 3207 1117 3272 illa
1140 3229 1262 3292 quoque
1286 3207 1406 3272 autad
1430 3204 1596 3290 Catalogos
1619 3211 1677 3270 661
1700 3203 1742 3269 ad

201 3316 302 3381 Eoeas
324 3315 491 3380 referenda
515 3322 570 3380 631.

290 3424 390 3488 116616
414 3424 455 3488 66
478 3423 733 3507 Musaeum,¹⁰)
758 3444 796 3486 ex
819 3444 881 3506 qno
904 3423 986 3489 duae
1008 3421 1160 3488 historiae
1183 3423 1388 3506 depromptae
1413 3426 1493 3498 3661,
1517 3419 1557 3485 66
1574 3418 1741 3504 Hyadibus

200 3551 265 3595 nna
290 3529 366 3595 XIV
399 3528 480 3617 (061.
512 3529 622 3613 fragm.
654 3529 824 3616 110,11),
856 3529 958 3594 altera
989 3530 1029 3594 de
1056 3529 1244 3595 Amaltheae
1276 3551 1371 3614 capra
1401 3527 1482 3593 XIII
1513 3526 1596 3614 (Cat.
1629 3524 1645 3590 f
1734 3578 1741 3589 .

200 3659 230 3722 p.
253 3636 458 3724 100-103);
477 3637 613 3721 primum
631 3641 737 3701 autem
757 3657 868 3701 moneo
887 3638 1021 3701 alteram
1039 3637 1179 3702 fabulam
1197 3643 1297 3702 totam
1316 3637 1359 3724 (p.
1377 3637 1450 3713 100,
1469 3634 1510 3699 23
1526 3671 1567 3681 -
1582 3632 1655 3709 102,
1675 3630 1741 3715 26),

201 3766 264 3811 666
281 3745 420 3828 priorem
443 3748 566 3808 tantum
588 3744 656 3808 6163
678 3751 810 3828 partem,
833 3750 870 3809 61
891 3749 1083 3828 putaverunt
1100 3743 1305 3829 Koppiersius
1328 3743 1468 3827 Heynius
1487 3739 1653 3807 Kinkelius
1677 3737 1743 3814 alii,

201 3854 241 3917 ad
269 3852 432 3917 Musaeum
465 3851 662 3916 referendam
694 3873 769 3916 esse.
807 3873 880 3916 nam
912 3859 945 3916 et
976 3850 1047 3917 finis
1075 3851 1198 3916 fabulae
1231 3874 1302 3917 cum
1332 3848 1595 3935 praecedentibus
1623 3847 1744 3930 optime

201 3959 349 4025 cohaeret
376 3965 408 4024 et
435 3959 468 4023 in
494 3959 564 4041 ipsa
591 3957 674 4023 calca
701 3958 822 4023 Musaei
849 3980 957 4024 versus
984 3958 1152 4024 frustulum
1176 3959 1254 4023 illud
1279 3955 1424 4042 αἰγίοχος
1446 3950 1661 4042 κικλήσκεται
1685 3945 1744 4018 616-

201 4061 395 4152 0663666
422 4072 580 4131 servatum
607 4070 668 4143 631,
696 4067 780 4149 6666
808 4068 891 4131 inter
919 4066 1097 4150 fragmenta
1123 4067 1262 4151 recipere
1290 4087 1396 4131 omnes
1424 4064 1640 4147 neglexerunt
1686 4082 1747 4126 nec

202 4174 394 4249 Lactantius,
417 4173 470 4256 qui
494 4173 568 4237 121
594 4172 676 4238 hanc
699 4173 839 4239 fabulam
862 4196 902 4239 ex
924 4173 1051 4239 scholiis
1075 4174 1108 4237 in
1133 4172 1354 4238 Germanicum
1376 4171 1551 4254 exscripsit,
1574 4168 1748 4245 dubitarit,

203 4281 279 4366 quin
305 4287 374 4346 1616
396 4301 416 4344 6
438 4280 565 4344 Musaeo
592 4280 735 4363 profecta
762 4288 856 4356 esset3
889 4282 977 4346 cuius
1008 4280 1106 4345 verba
1132 4280 1296 4357 Kinkelius
1322 4299 1387 4344 nen
1415 4276 1553 4343 debebat
1579 4283 1748 4359 tamquam

202 4410 316 4453 novum
339 4387 550 4470 fragmentum
572 4387 720 4471 adlegare
743 4388 830 4474 (17),
857 4387 914 4453 366
935 4388 1041 4472 potius
1064 4409 1219 4453 unacum
1242 4385 1463 4452 Eratosthenis
1486 4383 1670 4449 narratione
1694 4384 1748 4468 (7)

291 4584 312 4648 ⁸)
331 4583 374 4637 Ex
393 4582 433 4638 eis
452 4581 538 4652 igitur
555 4588 636 4649 33361,
657 4599 727 4652 6666
746 4582 896 4638 Pausanias
914 4584 956 4637 IX
969 4583 1039 4650 stt
1058 4582 1196 4652 significat
1214 4583 1262 4637 καὶ
1281 4569 1336 4636 666
1355 4577 1402 4637 ἐπὶ
1419 4573 1527 4652 Ἔργοις
1545 4597 1577 4634 τε
1597 4580 1647 4633 καὶ
1663 4571 1749 4648 ‘Huc'-

204 4690 272 4743 ραις.
301 4672 396 4726 eodem
416 4667 664 4744 Ὀρνιθομανιείαν
682 4673 822 4742 pertinere
841 4673 945 4728 Proelia
964 4673 1120 4728 testimonio
1140 4674 1175 4728 ad
1194 4673 1259 4727 Hes.
1279 4671 1329 4741 Op.
1349 4674 1402 4727 826
1421 4676 1536 4726 6663131.

292 4761 313 4820 ”l
333 4763 385 4816 Hic
405 4779 513 4831 666666
532 4762 752 4818 Marlrseheffelii
772 4762 904 4817 iudicium
923 4763 1088 4817 scholiorum
1106 4761 1324 4818 Strozzianorum
1344 4760 1435 4817 verbis
1454 4759 1594 4814 turbatum
1613 4764 1666 4814 631.

281 4853 311 4909 ’11
333 4851 440 4906 Musaei
454 4848 612 4922 'fragmenta
631 4859 827 4921 congesserunt
845 4853 952 4907 Passow
966 4853 1095 4907 Musaeus
1114 4868 1141 4921 p.
1155 4853 1269 4918 60-88,
1297 4850 1401 4906 Kinkel
1419 4848 1566 4920 Epicurum
1586 4847 1748 4917 fragmenta

204 4957 230 5010 p.
250 4942 302 4995 ‘218
314 4973 344 4980 -
356 4944 417 4998 230.
