3894 5708
209 310 211 315 Α
279 356 379 413 Scuou.
399 357 492 411 Grau.
512 356 544 410 G.
569 373 594 424 p.
615 356 674 421 147,
695 356 735 410 17.
1182 355 1314 409 Hroruus
1332 355 1367 419 ll,
1388 355 1429 408 12.
1615 353 1674 417 131

226 534 350 600 Dicitur
381 541 486 600 autem
518 534 659 600 fabulose
688 536 770 598 inter
796 540 883 598 astra
980 533 1040 599 Hic
1062 532 1238 600 nobilitatis
1261 555 1357 601 causa
1377 540 1409 599 ot
1432 533 1518 616 quod
1535 532 1633 596 inusi-
1706 529 1808 583 XXII·

180 642 360 709 conlocatus
382 664 420 708 eo
443 643 528 727 quod
546 643 667 725 Iupiter
686 643 717 705 in
737 641 883 705 similitu·
936 646 1004 706 tato
1032 663 1145 726 genere
1173 642 1401 708 concubitionis
1424 646 1506 706 esset
1529 646 1631 715 uatus,
1694 619 1818 674 pm,

182 750 288 815 dinem
323 752 412 816 aurei
448 750 561 815 imbris
591 771 624 813 se
656 749 883 813 transformans
936 751 976 813 ad
1001 751 1106 814 sidera
1128 750 1244 815 dicitur
1267 750 1451 833 pervenisse.

181 857 292 923 delusa
306 859 414 924 Danae
433 879 502 922 eum
523 857 675 941 genuerit
698 857 751 939 qui
770 857 883 919 missus

155 973 205 1028 oa
226 964 394 1049 Polydecte
421 965 508 1030 iussu
532 964 681 1029 Mercurii
708 967 884 1046 acceptae
981 963 1035 1048 qui
1071 965 1183 1029 missus
1220 987 1240 1029 a
1271 964 1439 1048 Polydecte
1470 963 1633 1046 Moy-iretis
1660 970 1677 1025 5

182 1071 325 1136 Vulcano
343 1071 424 1137 falce
442 1072 646 1137 adamantina
663 1093 720 1155 por
734 1092 809 1134 aera
823 1071 884 1134 iter
936 1072 1005 1152 filio
1024 1072 1065 1136 ed
1080 1071 1252 1156 Gorgonas,
1271 1097 1290 1136 a
1304 1072 1471 1148 Mercuri0,
1489 1072 1546 1152 qui
1564 1092 1633 1135 eum

115 1238 119 1243 .
182 1178 301 1244 taciens
323 1180 364 1243 ad
388 1179 554 1263 Gorgonas
577 1178 776 1261 perhibetur,
803 1197 883 1260 (puae
937 1178 1082 1243 diluisse
1096 1181 1306 1258 err-istimctur,
1322 1181 1438 1245 talaria
1447 1188 1479 1244 et
1489 1185 1631 1262 petasum

183 1286 258 1351 duru
291 1292 356 1351 tres
388 1307 510 1352 sorores
544 1284 662 1349 luerint
693 1306 756 1350 uno
784 1283 884 1359 oculu,
937 1286 1070 1369 accepit;
1084 1292 1252 1367 praetcrea
1265 1287 1398 1371 poleam,
1419 1308 1485 1369 qua
1499 1287 1633 1351 irubdus

181 1414 249 1457 uua
284 1393 427 1458 vilelicet
452 1390 673 1473 pulcritudine
704 1391 883 1456 utebantur.
936 1414 974 1456 eor
996 1394 1127 1458 odererso
1149 1414 1215 1458 uou
1233 1400 1360 1474 poterut
1382 1396 1491 1459 uideri.
1524 1396 1634 1475 itaquo

137 1509 201 1564 100
224 1501 338 1585 quibus
360 1500 431 1575 uni,
453 1521 534 1582 quae
557 1499 689 1564 Medusa
711 1498 884 1574 dicebatur,
940 1498 1055 1565 (J'rucoi
1086 1494 1189 1577 Ἄϊδος
1220 1502 1345 1584 9alccm
1378 1504 1528 1567 dire-ruci
1559 1522 1631 1579 esse,
1644 1510 1678 1563 10

183 1614 279 1692 caput
314 1606 447 1673 abstulit
483 1612 516 1672 et
547 1605 707 1671 Minervae
740 1606 882 1670 tradidit.
935 1627 1001 1671 uou
1019 1613 1055 1672 ut
1074 1609 1207 1691 quidam
1223 1609 1461 1674 inscientissimc
1479 1611 1633 1689 ‹iuterpre-

182 1717 268 1798 quod
286 1714 342 1779 illa
359 1716 391 1778 in
410 1736 466 1778 suo
485 1717 621 1797 pectore,
644 1713 790 1778 Perseum
809 1716 883 1775 ver'o
937 1719 1049 1780 tacetur
1084 1738 1153 1782 cum
1182 1717 1256 1782 Orci
1286 1716 1380 1800 paleo
1411 1738 1516 1794 usum,
1551 1737 1634 1799 quoe

183 1825 267 1887 inter
290 1823 395 1887 sidera
417 1821 594 1886 conlocasse
618 1821 771 1902 opinatur.
937 1844 987 1887 res
1004 1825 1123 1889 rreuriui
1142 1824 1230 1890 docto
1244 1828 1349 1904 potest
1363 1824 1506 1904 probari.
1532 1824 1633 1889 fertur

518 1938 523 1948 '
938 1931 1032 1994 etiernr
1061 1954 1081 1995 a
1104 1932 1244 1996 Vulcano
1272 1931 1383 1996 falcem
1411 1933 1567 2014 accepisse
1595 1953 1633 1995 ex

938 2038 1105 2102 adamante
1128 2039 1253 2115 saletam,
1276 2060 1342 2120 quio
1360 2039 1530 2103 Medusam
1550 2038 1632 2103 Gor·
1643 2048 1677 2099 15

932 2165 1018 2227 porro
1055 2146 1230 2226 irrterfeeit;
1273 2147 1359 2227 quod
1390 2147 1511 2226 factum
1543 2167 1633 2209 uarro

933 2254 1127 2332 conscripsit.
1166 2254 1221 2318 sed
1244 2261 1280 2319 ut
1302 2256 1348 2318 ait
1372 2254 1543 2336 Aeschylus
1566 2259 1631 2317 tra-

933 2361 1117 2442 goediarum
1136 2361 1270 2444 scriptor
1289 2363 1320 2426 in
1339 2361 1490 2437 Phorcisi,
1510 2360 1631 2425 Graece

934 2464 1062 2531 fuerunt
1081 2468 1262 2551 Gorgonum
1281 2470 1435 2545 custodes,
1459 2469 1496 2532 de
1516 2488 1577 2549 queo
1596 2470 1630 2530 iu

930 2576 1035 2653 primo
1055 2576 1135 2639 libro
1152 2574 1420 2659 Gerreolopiurum
1438 2577 1629 2655 scripsimus
1641 2584 1677 2636 20

934 2702 1014 2763 quae
1026 2687 1179 2763 ‘utraeque
1193 2704 1255 2747 uno
1266 2684 1355 2748 oculo
1365 2705 1440 2748 usae
1451 2682 1631 2747 existiman·

933 2797 995 2864 tur,
1013 2790 1106 2853 etita
1123 2812 1180 2854 suo
1195 2812 1337 2876 quaeque
1352 2797 1492 2874 temporo
1508 2790 1631 2873 vigilias

933 2896 1041 2977 egisse.
1082 2895 1165 2962 hunc
1184 2897 1326 2974 Perseus,
1349 2920 1412 2963 una
1434 2919 1542 2962 earurn
1566 2903 1630 2960 tra-

933 3005 1038 3080 dente,
1060 3012 1226 3088 exceptum
1247 3006 1281 3069 in
1298 3007 1446 3089 paludem
1464 3005 1632 3069 Tritonida

934 3111 1074 3193 proiecit.
1090 3112 1198 3194 itaquo
1209 3113 1390 3178 custodibus
1401 3113 1574 3177 excaecatis
1584 3111 1630 3175 ia-
1640 3120 1675 3172 25

933 3217 992 3282 cile
1008 3217 1187 3300 Gorgonem
1201 3241 1309 3285 somno
1324 3221 1519 3302 consopitam
1533 3218 1631 3282 iuter-

934 3325 1016 3389 fecit.
1058 3327 1146 3391 cuius
1169 3334 1263 3410 caput
1285 3326 1427 3392 Minerva
1450 3327 1481 3390 in
1504 3332 1631 3408 pectore

935 3432 1053 3496 dicitur
1076 3431 1193 3498 habero
1216 3434 1419 3499 conlocatum.

970 3863 982 3899 1
998 3844 1042 3897 hic
1058 3859 1108 3896 om.
1124 3842 1154 3896 V.
1191 3840 1345 3896 nobilitatis
1360 3858 1443 3898 cansa
1457 3839 1502 3897 διὰ
1515 3838 1567 3911 τὴν
1581 3838 1675 3908 δόξαν.

935 3950 946 3988 r
966 3939 1103 4002 petasum:
1124 3946 1254 3999 pegasum
1271 3931 1299 3985 V.
1373 3950 1385 3986 s
1405 3940 1433 3987 ct
1450 3939 1512 4001 post
1531 3941 1676 4001 praeterea

935 4022 996 4076 RB.
1034 4020 1204 4079 rsanemino
1214 4021 1294 4075 docto
1304 4019 1337 4073 R.
1376 4038 1401 4076 rr
1411 4039 1490 4076 nemo
1501 4021 1675 4090 conscripsit:

934 4129 960 4166 n.
980 4111 1092 4180 scripsit
1107 4110 1135 4164 V.
1172 4128 1198 4165 n.
1217 4127 1270 4165 non
1289 4109 1401 4179 scripsit
1421 4113 1454 4165 dl
1470 4117 1493 4165 et
1512 4111 1539 4164 lt
1558 4130 1576 4164 c
1595 4130 1628 4165 m.
1648 4116 1676 4180 2,

936 4200 1011 4266 quod
1033 4202 1152 4267 recipere
1174 4200 1232 4254 orclt
1255 4200 1430 4267 Bursiuuus;
1455 4201 1523 4255 ruilri
1546 4202 1575 4253 ia
1598 4217 1677 4255 nemo

934 4290 1076 4356 scriptoris
1098 4306 1198 4342 rrouwn
1222 4289 1347 4355 (fortusse
1371 4290 1505 4344 Hesiodus
1532 4307 1556 4343 r.
1578 4292 1603 4344 Τ
1602 4291 1676 4358 liecp.

935 4381 1031 4441 2743.)
1056 4379 1140 4432 latere
1160 4378 1275 4447 ridetur,
1296 4379 1458 4446 praesertim
1483 4396 1544 4432 cum
1564 4385 1677 4448 perpet:

936 4467 984 4520 sed
1008 4473 1038 4520 ut
1056 4466 1096 4520 ait
1115 4467 1276 4537 Aeschylus.
1352 4485 1448 4536 raquo
1473 4468 1501 4520 V.
1522 4468 1621 4536 quibus
1640 4468 1677 4521 D.

936 4574 960 4611 ar
984 4562 1129 4625 utraeque:
1159 4557 1194 4623 cs.
1218 4556 1330 4610 Hesiod.
1358 4558 1489 4625 Tlreopou.
1509 4561 1573 4610 273.
1599 4555 1676 4610 Ouid.

937 4644 1003 4698 Met.
1023 4644 1148 4698 111773.
