3894 5708
420 355 521 410 Senon.
541 355 633 410 Genu.
655 355 687 410 G.
1224 358 1355 412 Hruneus
1373 358 1409 424 11,
1427 358 1470 413 43.
1655 360 1717 426 199

464 520 477 551 ’
1021 540 1190 602 Praeterea
1226 537 1403 603 ostenditur
1435 537 1569 602 circulus
1601 538 1672 620 qui·
1751 538 1827 591 XLI
1830 538 1855 591 V

978 630 1049 693 dem
1069 628 1101 690 in
1121 626 1277 691 sideribus
1295 627 1429 691 candido
1449 626 1561 704 colore,
1582 649 1674 711 quem
1734 627 1861 680 (erenum

977 718 1113 782 luotenm
1136 737 1203 780 osse
1226 715 1368 779 nonnulli
1392 716 1547 780 dixerunt
1745 717 1855 770 lactens.

1022 806 1075 870 elii
1100 805 1247 869 dixerunt
1269 804 1438 870 dormienti
1462 805 1573 868 lunoni
1595 805 1675 869 Her-

978 896 1077 960 onlem
1104 895 1313 977 suppositum,
1341 902 1373 958 et
1400 900 1613 976 experreotrnn
1640 895 1676 958 id
1703 904 1720 957 5

484 962 622 1015 mmm·
977 985 1063 1068 quod
1086 1004 1186 1064 supro
1210 983 1348 1048 divimus
1371 983 1489 1048 fecisse.

1022 1874 1085 1939 Alii
1099 1880 1205 1940 sutem
1219 1875 1386 1940 Herculem
1400 1879 1531 1958 propter
1545 1875 1675 1938 nimiam

977 1965 1161 2029 aviditatem
1171 1964 1406 2030 multitudinem
1415 1964 1506 2030 laetis
1516 1965 1675 2047 adpetisse

977 2057 1079 2136 neque
1102 2057 1135 2118 in
1158 2075 1212 2120 ore
1235 2054 1396 2120 continere
1419 2053 1568 2137 potuisse,
1590 2055 1675 2136 quod

977 2166 1016 2209 ex
1039 2164 1093 2208 ore
1121 2145 1188 2209 eius
1215 2142 1379 2227 profusum
1401 2142 1553 2208 eireulnm
1575 2143 1674 2226 signi-

976 2231 1094 2299 ficasse.
1683 2240 1719 2293 20

1021 2767 1247 2834 Eratosthenes
1285 2768 1366 2832 enim
1404 2766 1482 2832 dioit
1518 2765 1675 2830 Mercurio

977 2857 1091 2923 infanti
1116 2878 1213 2941 puero
1231 2856 1362 2921 insciam
1381 2856 1533 2919 lunonem
1551 2853 1676 2918 dedisse

976 2947 1072 3022 leote3
1090 2948 1147 3011 sod
1166 2953 1332 3030 postquem
1350 2943 1494 3010 rescierit
1512 2965 1583 3008 eum
1605 2942 1674 3006 Ma-

977 3038 1026 3102 iae
1053 3034 1153 3100 filium
1181 3056 1262 3111 esse,
1289 3035 1435 3100 reiecisse
1462 3055 1533 3098 eum
1562 3031 1603 3097 eb
1626 3053 1674 3109 se3

976 3126 1023 3191 ita
1044 3125 1137 3190 lactis
1159 3123 1280 3208 profusi
1304 3124 1502 3208 splendorem
1526 3124 1609 3186 inter
1631 3123 1720 3186 si-eo

977 3215 1053 3281 dere
1076 3215 1238 3299 adparere.

1021 3304 1085 3368 Alii
1113 3303 1235 3380 dieunt,
1267 3324 1328 3386 quo
1360 3308 1501 3384 tempore
1528 3299 1593 3383 Ops
1616 3297 1674 3364 Se·

976 3400 1071 3458 turno
1085 3393 1222 3476 lapidem
1236 3413 1294 3476 pro
1307 3398 1402 3474 partu
1416 3389 1534 3465 attulit,
1548 3390 1674 3453 iussisse

977 3484 1007 3547 ei
1030 3482 1110 3547 lecte
1135 3481 1300 3565 praebere3
1323 3502 1404 3563 quse
1422 3500 1492 3544 eum
1510 3480 1676 3562 pressisset

976 3593 1157 3647 mammem,
1184 3568 1313 3654 profuso
1341 3569 1423 3634 laete
1446 3569 1597 3633 circulum
1620 3569 1719 3632 de·35

951 3707 957 3718 ·
977 3660 1156 3738 formatum,
1170 3680 1262 3744 quem
1277 3680 1374 3744 snpru
1383 3658 1673 3724 demonstravimus.

983 4537 1051 4591 Vide
1070 4537 1266 4604 Prolepomena
1282 4553 1310 4603 p.
1332 4539 1356 4588 6.
1381 4542 1498 4589 selmum
1522 4552 1617 4589 oroneo
1641 4536 1720 4603 spread

978 4609 1123 4679 lipporum
1141 4609 1208 4660 lruec
1226 4608 1265 4659 ito
1280 4625 1334 4660 nese
1349 4609 1485 4675 excipere:
1506 4611 1580 4659 1-3.
1601 4611 1718 4660 26-31.

977 4683 1057 4732 4-6.
1072 4682 1108 4732 16
1119 4683 1191 4732 -20,
1208 4681 1325 4731 32-36.
1341 4694 1388 4741 eqo
1398 4695 1460 4731 curm
1469 4678 1592 4732 ordinem
1603 4680 1718 4746 restitui,

978 4767 1056 4819 quem
1075 4752 1106 4803 in
1125 4750 1328 4803 Catasteriemis
1344 4733 1431 4815 fursee
1448 4750 1580 4817 suspicor.

1013 4836 1038 4876 ee
1066 4821 1136 4876 dicit
1163 4821 1313 4875 Mercurio:
1341 4820 1370 4874 in
1394 4821 1532 4876 Mercurio
1558 4820 1626 4875 dicit
1650 4819 1718 4873 MR.

978 4911 1003 4947 ss
1022 4900 1046 4947 el
1065 4912 1091 4949 ss
1111 4894 1183 4946 lacto
1203 4892 1280 4946 Dnl:
1299 4893 1342 4944 leo
1365 4891 1395 4946 R.
