3894 5708
197 318 263 383 224

196 498 317 563 levibus
340 497 533 581 argumentis
555 519 631 562 usus
653 495 728 560 huic
750 494 925 559 sententiae
948 494 1110 560 oblocutus
1134 501 1195 572 est,
1222 500 1328 560 tamen
1351 493 1493 561 confiteri
1516 494 1627 562 debuit
1648 494 1738 560 hunc

197 605 403 690 Hermippum
431 603 641 670 Callimacheo
670 602 822 667 iuniorem
850 624 916 668 esse
942 624 1005 668 nou
1032 625 1130 686 posse.
1168 605 1274 686 itaque
1301 625 1356 667 cnr
1385 605 1468 668 idem
1495 625 1562 669 esso
1588 608 1738 686 nequeat,

196 734 260 778 non
287 712 391 790 video,
421 712 609 796 praesertim
636 733 706 776 cum
733 732 805 775 eum
835 711 869 777 in
901 709 1017 776 sabulis
1049 711 1237 776 exornandis
1266 709 1509 776 Callimacheam
1536 709 1737 794 disciplinam

196 841 272 903 prae
304 842 337 885 se
369 820 451 884 ferre
483 821 547 885 iam
579 840 675 901 supra
706 817 888 882 monuerim.
931 818 1065 901 denique
1093 823 1126 882 et
1152 817 1336 884 Lozinslrius
1367 823 1400 883 et
1426 818 1577 884 Miillerus
1609 817 1738 902 egregie

196 926 351 992 falluntur
376 921 568 1011 Φαινόμενα
590 946 715 992 carmen
738 924 835 989 fuisse
857 930 1017 1007 negantes.
1113 921 1116 927 ’

285 1012 455 1100 Praeter'ea
473 1036 568 1100 etiam
586 1041 651 1098 tres
670 1039 791 1117 poetae,
815 1034 870 1115 qui
888 1033 927 1095 de
946 1032 1103 1098 sideribus
1123 1033 1531 1131 carminacomposuerunt,
1549 1031 1590 1098 ab
1609 1031 1739 1116 Hygino

197 1147 492 1219 commemorantur,
519 1142 714 1206 Anacreon
741 1139 786 1204 Vl
808 1162 838 1222 p.
861 1139 951 1215 427
981 1161 1001 1204 a
1023 1139 1098 1204 Teio
1123 1141 1175 1204 ille
1202 1141 1329 1223 quidem
1356 1141 1440 1206 haud
1466 1141 1561 1207 dubie
1583 1140 1740 1215 diversus,

198 1249 411 1314 Alexander
438 1249 514 1313 XXI
536 1272 565 1332 p.
586 1248 637 1325 63,
662 1248 787 1323 8-10,
816 1246 1054 1312 Cleostratus
1078 1248 1212 1330 donique
1240 1248 1428 1313 Tenedius
1452 1247 1530 1312 XIII
1552 1270 1582 1331 p.
1605 1247 1660 1323 48,
1685 1246 1739 1311 20.

198 1357 237 1422 de
256 1356 377 1422 duobus
395 1357 553 1439 prioribus
572 1355 780 1421 consulendus
799 1360 846 1419 ost
866 1354 1041 1419 Moinekius
1060 1355 1149 1420 Anal.
1165 1355 1333 1419 Alexandr.
1352 1377 1382 1438 p.
1399 1354 1497 1420 sets.
1530 1353 1740 1439 Cleostrati⁸)

197 1465 352 1542 carminis,
375 1465 424 1549 cui
447 1455 678 1547 Ἀστρολογίαν
701 1461 830 1527 titulum
852 1461 948 1525 fuisse
972 1461 1128 1526 Athenaei
1147 1461 1208 1526 VII
1231 1484 1261 1545 p.
1281 1460 1376 1527 stab
1400 1461 1579 1527 testimonio
1602 1466 1741 1538 constat,

198 1572 406 1655 fragmentum
438 1569 536 1636 habes
568 1570 600 1634 in
632 1569 759 1634 scholiis
790 1569 833 1633 ad
864 1567 1025 1650 Euripidis
1057 1569 1193 1633 Rhasum
1222 1592 1249 1632 v.
1273 1569 1346 1635 529.
1379 1570 1516 1653 quinque
1543 1576 1651 1632 autem
1678 1567 1740 1632 hos

197 1684 307 1762 poetas
329 1678 370 1742 ab
392 1676 517 1760 Hygino
540 1677 638 1740 lectos
661 1697 727 1741 esso
746 1674 1115 1760 parum-probabileest,
1137 1696 1201 1740 non
1219 1697 1286 1741 esse
1305 1676 1402 1741 lectos
1421 1697 1494 1741 mox
1510 1675 1740 1758 intellegemus.

198 1807 271 1850 nam
307 1792 433 1868 praeter
469 1783 710 1848 Eratosthenem
743 1782 886 1866 Hyginus
923 1783 1018 1847 ctiam
1054 1782 1149 1847 alium
1186 1789 1359 1861 auctorem,
1401 1783 1454 1867 qui
1493 1783 1632 1865 pedestri
1669 1803 1740 1847 ser-

198 1914 289 1957 mone
312 1894 351 1956 de
374 1891 530 1956 sideribus
554 1891 630 1973 egit,
653 1889 801 1954 habuerit
823 1911 949 1955 necasse
973 1894 1034 1966 est3
1063 1890 1096 1954 id
1119 1890 1204 1972 quod
1226 1891 1334 1973 paucis
1357 1889 1434 1954 locis
1458 1889 1642 1974 diligentius
1664 1909 1741 1972 pen-

198 2000 303 2082 pensis
326 1997 469 2064 elucebit.
503 1997 695 2062 Genicularii
723 1996 930 2079 explicatione
953 2017 992 2060 ex
1013 1996 1224 2061 Eratosthene
1252 1996 1376 2079 prolata
1399 1998 1443 2060 sic
1465 1996 1569 2080 pergit
1592 1995 1742 2080 Hyginus

199 2105 244 2171 VI
266 2127 295 2189 p.
314 2106 366 2182 41,
388 2105 443 2169 15:
467 2105 533 2182 etsi,
559 2105 651 2190 quffl)
671 2105 713 2167 sit
730 2103 789 2180 lu'c,
810 2108 905 2186 nepot
923 2104 1048 2167 Aratus
1067 2124 1256 2186 quanquam
1269 2124 1364 2183 possa
1382 2103 1605 2182 dentmrstrarc,
1630 2107 1743 2168 taurea

199 2214 393 2288 conabimur,
421 2217 456 2276 ut
484 2211 612 2292 aliquid
633 2212 700 2274 aeri
723 2210 824 2275 simile
847 2211 1007 2274 dicamus:
1035 2218 1101 2274 tum
1124 2233 1188 2283 non
1210 2211 1312 2276 minus
1335 2218 1455 2295 septem
1478 2212 1619 2276 diversae
1642 2210 1743 2274 huius

199 2320 282 2403 signi
305 2319 529 2402 explicationes
547 2317 742 2382 adferuntur.
775 2326 869 2400 atquc
893 2314 982 2402 quae
995 2318 1088 2383 modo
1107 2318 1259 2401 adscripsi
1278 2318 1383 2394 verba,
1401 2318 1479 2383 satis
1496 2318 1633 2383 absurde
1652 2317 1744 2383 dicta

200 2434 287 2503 sunt,
319 2448 390 2491 cum
420 2426 526 2509 paullo
559 2429 633 2489 ante
660 2426 723 2489 iam
751 2425 874 2508 signum
907 2447 944 2490 ex
972 2425 1183 2491 Eratosthene
1215 2425 1397 2509 explicitum
1429 2426 1478 2490 sit.
1515 2425 1592 2509 quid
1624 2424 1744 2490 multat

201 2541 233 2599 et
255 2533 352 2598 verba
374 2533 429 2598 illa
452 2538 485 2598 ct
508 2538 627 2615 septem
650 2533 875 2615 explicationes
900 2555 937 2598 ex
960 2533 1023 2596 alio
1046 2539 1174 2597 auctore
1198 2537 1323 2615 sumpta
1346 2538 1432 2609 sunt,
1460 2534 1514 2616 qui
1542 2533 1619 2597 data
1643 2553 1747 2616 opera

202 2640 300 2704 Arato
324 2639 487 2704 oblocutus
511 2644 565 2704 ost.
599 2662 668 2704 cum
692 2645 796 2704 autem
820 2641 853 2704 in
877 2640 921 2703 eis
942 2639 1105 2705 Anacreon
1129 2644 1161 2704 et
1184 2638 1382 2723 Hegesianax
1404 2639 1583 2716 laudentur,
1605 2640 1641 2704 id
1664 2661 1747 2725 quo-

200 2769 262 2831 que
290 2749 421 2831 adparet
448 2770 511 2812 uon
538 2748 641 2831 ipsum
663 2746 823 2831 Hyginum
846 2749 985 2813 carmina
1009 2768 1117 2813 eorum
1139 2747 1266 2830 legisse,
1293 2748 1348 2811 sod
1372 2747 1450 2812 haec
1472 2746 1608 2812 frustula
1631 2748 1748 2831 ignoto

201 2855 248 2919 illi
271 2856 393 2920 auctori
416 2854 533 2919 deberi.
1600 2845 1604 2853 '

291 2962 399 3028 Simile
427 2963 502 3047 quid
530 2962 562 3026 in
591 2962 650 3037 cie,
677 2982 758 3044 quae
786 2962 825 3027 de
852 2961 973 3045 Lepore
1000 2961 1147 3044 leguntur
1175 2960 1327 3037 XXXIII,
1354 2960 1477 3026 accidit.
1509 2960 1629 3025 Aratus
1659 2961 1750 3026 enim

203 3072 284 3137 dixit
305 3092 333 3135 r.
357 3070 437 3135 338:

519 3177 642 3241 aoooiv
667 3168 699 3241 δ’
723 3167 876 3261 Ὠρίωνος
900 3166 961 3240 ὑπ’
985 3167 1201 3260 ἀμφοτέροισι
1225 3171 1365 3259 Λαγοοός

521 3282 655 3367 ἐμμενὲς
677 3276 786 3368 ἤματα
808 3278 921 3347 πάντα
945 3279 1110 3347 decoxerat.
1473 3274 1476 3279 ⁸

206 3429 416 3439 ..-—..---·

292 3571 313 3636 ⁸)
333 3568 445 3624 Carolus
463 3566 599 3622 Mullerus
623 3567 651 3620 in
672 3566 895 3636 Geographorum
919 3566 1051 3621 minorum
1076 3567 1196 3622 editione
1216 3569 1228 3621 I
1246 3585 1273 3636 p.
1293 3568 1327 3621 69
1352 3565 1423 3619 hunc
1443 3565 1628 3620 Cleostratam
1647 3570 1749 3623 Astro-

204 3659 294 3728 logiae
309 3667 418 3726 poetam
434 3675 450 3711 a
466 3657 644 3711 celeberrimo
659 3656 804 3723 astrologo
821 3655 867 3724 qui
883 3655 986 3723 primns
1003 3656 1112 3711 Haedos
1122 3657 1300 3725 Sagittarium
1310 3654 1434 3710 Arietem
1449 3654 1476 3708 in
1493 3654 1570 3709 caelo
1585 3656 1750 3725 repperisse

204 3749 363 3819 primusque
382 3746 552 3802 ootoeterida
570 3745 723 3799 instituisse
742 3743 851 3810 dicitur,
871 3745 1007 3800 ‹liversum
1028 3762 1087 3800 esse
1106 3752 1194 3816 putat,
1214 3746 1299 3800 multo
1318 3744 1446 3799 nlmirum
1464 3742 1513 3798 illo
1532 3750 1628 3799 aetate
1647 3744 1750 3800 inferi·

203 3854 286 3894 crem.
317 3853 387 3906 quaa
406 3835 499 3905 episto
522 3851 647 3904 nequea
671 3834 790 3888 Muliero
815 3833 870 3888 ullo
894 3841 1054 3901 argumento
1078 3834 1148 3890 fulta
1171 3841 1200 3889 st
1223 3833 1484 3904 improbabilissima
1507 3840 1556 3888 ast.
1586 3848 1651 3888 nam
1679 3835 1750 3891 miro

204 3926 328 3997 prolecto
351 3942 416 3981 casu
440 3926 543 3980 factum
567 3930 651 3989 osset,
676 3923 699 3977 si
723 3924 776 3978 duo
795 3923 942 3977 Cleostrati
965 3924 1122 3980 extitissent
1141 3925 1258 3978 Tenedii
1277 3924 1369 3988 ambo,
1394 3923 1473 3978 ambo
1492 3922 1638 3992 astrologi,
1665 3925 1751 3980 ambo

205 4016 323 4084 denique
343 4032 359 4068 a
378 4013 552 4069 Parmenisco
574 4012 652 4079 lecti3
677 4012 776 4067 deinde
800 4029 911 4081 prorsus
935 4013 1004 4082 iugit
1028 4015 1176 4068 Mullerum
1196 4014 1378 4068 Cleostratam
1402 4021 1511 4081 poetam
1530 4027 1547 4065 a
1566 3998 1751 4070 Parmenisc'o

205 4107 233 4159 in
252 4104 337 4159 schol.
357 4105 439 4158 Rhea.
458 4120 482 4156 r.
502 4103 554 4157 599
573 4097 691 4171 ἀρχαῖον
714 4101 813 4155 uocari.
843 4119 925 4155 unum
949 4102 1033 4171 igitur
1053 4103 1233 4157 Cleostratam
1257 4102 1342 4156 fuisse
1362 4110 1485 4156 tenemus
1504 4100 1676 4166 Tenediam,
1703 4102 1752 4172 qui

205 4196 238 4250 de
262 4193 398 4248 sideribus
423 4208 534 4246 carmen
559 4191 717 4260 composuit.
748 4191 824 4245 cuius
848 4199 967 4245 aetatem
992 4192 1059 4246 satis
1083 4193 1167 4247 certis
1190 4191 1316 4246 terminis
1341 4190 1557 4259 circumscripsit
1575 4191 1703 4246 Vaterus
1722 4192 1751 4248 in

205 4284 290 4341 Rhesi
315 4281 435 4337 editione
459 4299 485 4350 p.
512 4282 562 4336 199
585 4281 647 4335 adn.
666 4279 741 4334 inter
763 4280 804 4334 Ol.
829 4281 920 4334 LVIII
939 4288 967 4334 et
984 4281 1076 4336 LXXI
1099 4280 1222 4335 floruisse
1247 4298 1309 4335 eum
1331 4288 1419 4343 ratus;
1448 4297 1512 4334 nam
1535 4296 1570 4333 ex
1595 4281 1752 4337 Censorino

206 4373 298 4427 XVIII
317 4373 434 4440 adparet
452 4388 514 4425 eum
534 4379 598 4424 ante
618 4369 778 4438 Harpalum,
798 4387 832 4423 ex
851 4368 940 4424 Plinio
958 4371 985 4424 11
1003 4372 1036 4424 31
1057 4377 1118 4439 post
1137 4370 1371 4425 Anaximandrum
1392 4369 1499 4423 vixisse.
1528 4375 1656 4424 ceterum
1677 4371 1753 4427 inter

205 4469 331 4516 auctores
350 4461 521 4530 superstites
542 4459 588 4528 qui
608 4459 752 4514 Cleostrati
772 4458 937 4513 mentionem
957 4459 1070 4524 faciunt,
1090 4460 1296 4528 antiquissimus
1316 4466 1359 4513 est
1373 4459 1579 4527 Theophrastus
1599 4459 1635 4514 de
1657 4462 1752 4516 sentis

206 4552 261 4605 14.
291 4549 325 4604 cl.
346 4549 376 4603 0.
396 4549 522 4604 lahnium
545 4548 574 4602 in
598 4548 739 4603 Censorini
764 4548 883 4603 editIoue
907 4566 933 4617 p.
953 4548 1223 4604 sternumentum
1246 4548 1274 4602 in
1298 4547 1441 4603 Analectis
1465 4546 1569 4602 criticis
1594 4548 1632 4603 etl
1658 4552 1749 4605 Athe·

206 4656 305 4694 naeum
324 4657 350 4708 p.
371 4642 430 4694 122.

295 4729 315 4795 ⁰)
335 4730 383 4797 pai
397 4729 452 4783 MR
467 4736 495 4782 ct
510 4729 567 4782 cod.
583 4727 781 4797 Eribergensia
800 4727 896 4794 qutsv
911 4735 940 4782 et
953 4728 1010 4782 alii.
1026 4728 1059 4783 cl.
1071 4729 1233 4783 Bursianum
1248 4728 1431 4796 Sitzungsber.
1442 4727 1466 4780 d.
1479 4726 1554 4796 bayr.
1571 4728 1666 4783 Altad.
1679 4729 1751 4784 tata

206 4835 233 4886 p.
254 4798 603 4886 14⁴et11eyuenreicnium
627 4817 672 4872 die
696 4817 935 4886 Hygiuhandschr.
955 4819 979 4871 d.
1001 4817 1521 4886 Freibergcr.Gymnasialbihl.1878,
1549 4831 1621 4884 quae
1649 4817 1753 4875 disser-

207 4907 283 4974 tatio,
303 4907 366 4961 dum
386 4907 458 4962 liber
476 4906 628 4973 excuditur,
648 4907 715 4961 mihi
734 4906 829 4961 adlata
849 4915 897 4960 est.
