3894 5708
101 516 203 571 XXII.

87 600 222 677 Περσεύς·
278 624 315 691 έν
333 640 403 703 τοῖς
421 620 555 712 ἄστροις
570 624 670 713 ἐτέθη
685 619 738 692 διὰ
752 620 814 714 τὴν

455 339 593 394 Errrorsn.

237 342 300 405 130

322 521 402 604 Περὶ
426 515 550 585 τούτου
569 517 748 603 ἱστορεῖται
762 511 814 585 ὅτι

279 729 388 814 δόξαν.
421 742 462 817 τῖγ
475 725 537 818 γὰρ
553 731 663 817 Δανάη
679 727 725 811 ὡς
736 759 814 820 γρυ-

278 832 814 927 σόςμιγεὶςὃΖεόςέγι-’νιησεναό-

250 943 346 1013 5τόν.
380 939 446 1013 ’ὑπὸ
468 949 503 1012 δὲ
522 956 584 1012 τοῦ
598 948 814 1014 Πολυδέκτου

276 1057 442 1139 πεμεῖδεὶς
461 1054 531 1141 (ἐπὶ
551 1047 623 1142 τὰς)
643 1052 814 1140 Γοργόνας

276 1157 337 1248 τήν
347 1185 381 1226 τε
395 1170 501 1248 κυνῆν
508 1158 602 1242 itatis
611 1153 815 1246 παρ’Ἐρμοῦ

277 1271 331 1333 καὶ
351 1261 393 1333 τὰ
412 1269 542 1348 πέδιλα,
561 1267 598 1332 έν
617 1263 666 1345 οἷς
685 1261 739 1333 διὰ
753 1276 814 1333 τοῦ

277 1368 373 1460 ἀέρος
405 1375 552 1441 ἐποιεῖτο
575 1367 636 1462 τὴν
659 1377 810 1460 πορείαν

234 1493 267 1545 10
278 1483 372 1548 δοκεῖ
398 1483 433 1547 δὲ
457 1484 513 1547 καὶ
536 1474 646 1567 ἅρπην
668 1474 747 1566 παρ’
766 1474 814 1547 ‘11-

278 1591 421 1671 φαίστου
440 1594 553 1670 λαβεῖν
568 1588 603 1670 ἐξ
617 1582 814 1673 ἀδάμαντος,

277 1688 323 1773 ὡς
351 1693 514 1781 Αἰσχύλος
545 1698 660 1782 φησίν,
693 1688 711 1761 ὃ
744 1703 814 1760 τῶν

276 1806 473 1890 τραγῳδιῶν·
494 1799 643 1890 ποιητής,
667 1802 703 1867 έν
730 1806 814 1882 Φορ-

277 1911 373 1976 κίσιν.
401 1913 524 1995 Γραίας
539 1906 627 1994 εἶχον
642 1906 813 1996 προφύλα-

234 2026 337 2093 15κας
369 2014 403 2081 αἱ
435 2013 613 2102 Γοργόνες
649 2007 747 2082 αὗται
780 2017 815 2081 δὲ

278 2121 337 2188 ένα
357 2119 445 2207 εἶχον
466 2117 647 2208 ὀφθαλμὸν
666 2128 720 2190 καὶ
740 2132 814 2189 τοῦ·

277 2254 339 2295 τον
368 2223 523 2317 ἀλλήλαις
551 2230 706 2296 ἐδίδοσαν
730 2223 815 2296 κατὰ

173 2421 175 2425 Ι
279 2334 443 2423 (μαλακήν
457 2333 598 2424 τηρήσεις
609 2330 816 2424 δὸΠερσεὺς

279 2445 315 2509 έν
342 2452 382 2528 rip
405 2441 602 2528 παραδόσει,
628 2437 741 2524 λαβών
766 2441 815 2528 έρ-

233 2562 376 2637 ῖοριιμεν
406 2543 511 2615 αότόν
540 2550 585 2628 εἰς
609 2544 670 2637 τὴν
697 2555 815 2637 Τριτω-

279 2661 355 2724 νίδα
370 2659 498 2744 λίμνην,
513 2660 569 2721 καὶ
584 2649 692 2734 οὕτως
703 2650 816 2722 ἐλθών

281 2764 334 2830 ἐπὶ
353 2757 413 2841 τὰς
433 2760 605 2849 Γοργόνας
624 2757 817 2843 ὑπνωκυέας

280 2865 435 2954 ἀφείλετο
466 2879 523 2957 της
551 2867 724 2958 Μεδούσης
756 2864 817 2958 τὴν

279 2975 443 3064 κεφαλήν,
474 2968 515 3064 ἢν
542 2970 562 3063 ἦ
592 2970 714 3063 Ἀθηνᾶ
741 2980 818 3062 περὶ

235 3095 270 3151 25
279 3077 320 3149 τὰ
345 3080 453 3170 στήθη
476 3079 598 3170 έθηκεν
622 3077 734 3170 αὐτῆς·
770 3091 818 3168 τῷ

179 3214 183 3225 ·
281 3191 316 3256 δὲ
335 3193 458 3276 Περσεῖ
478 3181 539 3276 τὴν
557 3192 634 3275 περὶ
653 3183 694 3255 τὰ
713 3185 818 3276 ἀστρα

279 3298 377 3365 θέσιν
410 3297 576 3385 ἐποίησεν,
614 3289 699 3364 ὅθεν
732 3295 817 3382 ἔχων

281 3411 457 3491 θεωρεῖται
485 3407 540 3469 καὶ
564 3396 624 3490 τὴν
648 3402 819 3489 Γοργόνος

280 3507 438 3597 κεφαλήν.

272 3814 352 3867 XXII
363 3813 553 3867 Tasrrsronrs:
569 3813 699 3867 Εαδοιὶιι
712 3831 740 3883 p.
756 3818 817 3870 335.

290 3905 455 3972 επεμςοθεῖς
465 3903 608 3969 Heynires:
626 3899 762 3973 ἐπέμφθη
779 3902 819 3969 εἰς

236 3992 306 4046 latri.
335 3988 382 4046 tra
396 3985 445 4055 τὰς
459 3991 567 4045 αδδιδι.
614 3999 709 4061 sipost
719 3990 819 4063 Αἰσχύ-

236 4084 296 4145 λοςε
326 4077 356 4134 ἐν
383 4081 502 4150 Φορκίσι
531 4082 605 4151 libri,
640 4099 711 4149 qaue
738 4083 819 4137 rerba

236 4176 331 4239 utpote
344 4185 378 4223 es
391 4171 565 4237 sequentibus
575 4187 662 4238 praee
668 4179 819 4239 praecepto

238 4259 329 4313 deleri.
388 4277 413 4313 ιι
435 4259 540 4327 Γραῖας
560 4259 677 4313 Grdene:
696 4250 729 4323 δς
748 4261 817 4313 libri.

236 4356 312 4416 τρεῖς
348 4343 375 4400 δ’
420 4347 649 4401 rista-saoconna.
702 4355 819 4402 ceteram

237 4437 333 4489 esre-lius
351 4437 455 4505 dubito,
476 4438 544 4504 ιμιιῖα
563 4453 619 4489 noa
639 4444 748 4491 tentam
766 4439 819 4491 irae

237 4542 298 4578 ιικα
316 4527 346 4578 ia
368 4542 411 4592 re,
436 4526 483 4578 sed
504 4527 598 4592 potina
617 4532 674 4579 toto
697 4528 726 4579 ia
752 4545 817 4580 nor-

237 4615 346 4667 rotione.
369 4614 564 4668 Eratosthenes
586 4616 714 4685 Aeacii-pli
735 4616 817 4680 sobre-

238 4704 451 4769 insererentur.
550 4720 576 4759 ιο
591 4711 655 4772 post
674 4694 754 4758 circe
775 4704 817 4758 cti:

238 4800 312 4860 τρεῖς
331 4783 413 4846 οὖσαι
439 4793 478 4846 rel
496 4793 582 4847 simila
600 4794 669 4860 qaid
687 4794 818 4848 excidisse

238 4896 272 4933 ex
289 4882 369 4935 schol.
392 4881 480 4935 Geras.
502 4882 628 4949 adparet.

968 520 1166 607 Ιεάτηστέρι-

913 643 987 690 σται
1007 627 1042 691 δὲ
1063 619 1080 692 ὃ
1101 627 1184 710 Περ-

913 725 988 811 σεὺς
1042 725 1185 818 ἀκριβῶς

913 832 966 904 διὰ
989 831 1051 926 τὴν
1073 836 1185 920 δόξαν,

885 939 964 1012 situ
1019 946 1073 1012 tro
1126 939 1185 1024 τὰς

914 1051 1084 1139 Γοργόνας
1110 1072 1184 1118 στα-

912 1163 978 1238 λεὶς
1022 1153 1086 1226 ὑπὸ
1123 1168 1185 1225 τοῦ

938 1264 1154 1333 Πολυδέκτου

913 1368 975 1440 τόν
986 1362 1096 1440 ἆθλον
1107 1399 1184 1439 κατ-

870 1494 902 1545 10
913 1479 1055 1566 εόρθοσσε
1071 1473 1184 1562 λαβών

912 1582 990 1674 παρ’
1005 1582 1185 1670 Ἡφαίστου

912 1687 1023 1783 ἀρπην
1038 1696 1093 1759 καὶ
1106 1687 1185 1779 παρ’

908 1795 1026 1887 Ἑρμοῦ
1057 1801 1184 1866 πέδιλα.

871 3095 906 3147 25
916 3091 1095 3168 θεωρεῖται
1144 3084 1189 3148 ’δὲ

916 3190 953 3255 έν
971 3204 1041 3266 τοῖς
1056 3184 1190 3275 ἄστροις

916 3290 978 3384 την
1021 3293 1189 3381 Γοργόνος

916 3403 1065 3488 κατέχων
1089 3427 1188 3485 κεφα-

916 3508 986 3597 λήν.

908 3832 918 3868 1
955 3812 1189 3886 κατηστέρισται.·

872 3901 1078 3974 κατηστέριστο
1097 3906 1166 3960 MV.

815 340 1239 433 Senon.Anrr,r.250.pst3,10.
1280 340 1379 395 Senon.
1400 339 1493 429 Gran.
1512 338 1564 393 BP.
1585 357 1611 409 p.
1629 340 1673 403 82,
1694 339 1739 394 19.

1283 520 1331 584 Ex
1346 520 1454 584 Danae
1469 526 1501 584 et
1515 519 1616 583 imbre
1629 538 1729 582 aureo

1238 632 1330 692 natus
1353 626 1493 692 Perseus.
1537 627 1592 708 qni
1614 624 1731 690 missus

1238 756 1258 797 a
1289 733 1471 817 Polydecte,
1502 754 1576 816 rege
1607 733 1731 799 insulae

1238 839 1379 924 Seriphi,
1406 841 1448 906 ad
1472 839 1650 924 Gorgonem
1677 841 1730 903 in·

1238 945 1454 1013 terfioiendum
1484 954 1558 1030 post
1597 955 1730 1031 accepta
1756 956 1774 1010 5

1239 1055 1353 1119 talaria
1380 1059 1413 1119 et
1439 1076 1537 1138 arpen
1559 1076 1579 1119 a
1602 1054 1728 1120 Mercu-

1237 1163 1285 1225 rio
1322 1183 1378 1244 per
1419 1182 1493 1227 aera
1529 1168 1635 1226 vestus
1671 1168 1729 1227 est

1239 1268 1410 1352 Aeschylus
1432 1290 1529 1352 arpen
1551 1268 1728 1333 adamanti·

1237 1397 1311 1440 nam
1342 1376 1525 1441 aVrrlcano
1552 1376 1630 1441 dicit
1658 1397 1728 1440 eum

1238 1485 1401 1566 accepisse.
1426 1483 1608 1567 Gorgonum
1622 1489 1727 1547 eusto-
1738 1492 1773 1545 10

1238 1591 1293 1656 des
1324 1590 1430 1654 ferunt
1456 1597 1521 1655 tres
1548 1611 1611 1654 uno
1639 1590 1729 1655 oculo

1238 1698 1321 1761 inter
1375 1720 1407 1762 se
1464 1697 1728 1762 communicantes

1238 1825 1363 1869 serrare
1407 1804 1538 1888 vigilias
1614 1804 1729 1869 Persea

1238 1918 1345 1975 autem
1363 1912 1397 1974 iu
1412 1912 1584 1976 traditione
1602 1912 1728 1977 oculum

1240 2018 1442 2101 intercepisse
1461 2025 1494 2084 et
1512 2021 1545 2082 in
1559 2018 1728 2084 Tritonida
1738 2028 1775 2082 15

1240 2126 1341 2190 laeum
1371 2125 1529 2191 deiecisse.
1575 2128 1727 2210 quicum

1241 2231 1402 2314 Gorgones
1426 2233 1618 2298 dormientes
1641 2233 1725 2298 inve-

1239 2341 1350 2415 nisset,
1372 2345 1467 2422 eaput
1493 2340 1643 2405 Medusae
1670 2341 1726 2405 ab·

1240 2447 1342 2523 scidit,
1363 2447 1447 2529 quod
1467 2448 1587 2530 pectori
1607 2447 1726 2514 Miner-

1240 2574 1296 2617 vae
1325 2555 1482 2637 imposuit.
1537 2554 1577 2619 ob
1601 2555 1686 2639 quod
1709 2564 1778 2619 a20

1241 2660 1383 2725 Minerva
1405 2663 1499 2726 astris
1522 2662 1646 2726 inlatus.

1277 3816 1780 3891 spostacceptaKiesaliapiasrquae

1243 3915 1358 3975 accepts
1402 3907 1468 3961 BP.
1511 3908 1557 3976 qui
1598 3912 1712 3980 accepit
1750 3918 1779 3985 β.

1242 4012 1375 4065 serpen:
1405 3996 1515 4051 debebat
1534 4004 1675 4066 petasum,
1700 4003 1782 4069 quood

1242 4087 1333 4138 αισοὶσ
1352 4102 1391 4137 ors
1409 4085 1609 4139 restituendam
1626 4089 1674 4158 sit,
1689 4107 1781 4158 prae-

1241 4175 1333 4227 sertim
1356 4190 1417 4227 cam
1440 4190 1526 4243 arpen
1545 4181 1784 4243 exsequerentur

1239 4268 1417 4330 praeceptam
1437 4280 1491 4317 esee
1505 4266 1600 4332 possit.
1672 4285 1699 4325 rs
1720 4286 1782 4325 ser·

1243 4367 1306 4406 raro
1323 4370 1343 4405 ε.
1383 4359 1524 4407 servarent
1538 4353 1599 4407 BP.
1619 4356 1699 4421 quod
1718 4364 1782 4415 rue-

1242 4447 1289 4493 tnr
1311 4445 1330 4511 β
1353 4447 1418 4496 orae
1442 4441 1549 4510 vigilias
1572 4445 1679 4498 inserto
1704 4454 1784 4503 utet

1242 4547 1267 4584 ιι
1305 4529 1397 4584 ferunt
1437 4532 1468 4584 ιἰι
1504 4531 1615 4586 inerunt
1658 4542 1783 4591 metato.

1243 4636 1267 4672 rs
1287 4618 1314 4672 in
1339 4618 1488 4674 traditione
1507 4618 1713 4692 Kieastinpias:
1738 4626 1784 4680 in·

1242 4707 1585 4763 trodrrctionemBP.inter
1595 4712 1784 4769 traditionem

1238 4798 1399 4863 praeiverat
1408 4801 1434 4869 β.
1476 4816 1501 4854 rc
1511 4798 1658 4854 Tritonida
1667 4803 1782 4871 scripsi.

1242 4886 1355 4940 Tritona
1378 4887 1438 4941 BP.
1466 4889 1555 4941 lacum
1573 4890 1600 4958 β.
1631 4888 1696 4944 laen
1715 4890 1783 4945 BP.

1243 4992 1268 5030 rs
1288 4976 1357 5041 ηοοδ
1376 4977 1486 5044 scripsi:
1510 4992 1570 5031 cum
1589 4976 1653 5045 BP,
1672 4984 1736 5033 tum
1758 4998 1782 5035 ε.
