<?xml version="1.0" encoding="UTF-8"?>
<!DOCTYPE html PUBLIC "-//W3C//DTD XHTML 1.0 Transitional//EN"
    "http://www.w3.org/TR/xhtml1/DTD/xhtml1-transitional.dtd">
<html xmlns="http://www.w3.org/1999/xhtml" xml:lang="en" lang="en">
 <head>
  <title>
</title>
<meta http-equiv="Content-Type" content="text/html;charset=utf-8" />
  <meta name='ocr-system' content='tesseract 3.04.00' />
  <meta name='ocr-capabilities' content='ocr_page ocr_carea ocr_par ocr_line ocrx_word'/>
</head>
<body>
  <div class='ocr_page' id='page_1' title='image "./eratostheniscat00eratgoog_0158.png"; bbox 0 0 3894 5708; ppageno 0'>
   <div class='ocr_carea' id='block_1_1' title="bbox 290 392 1677 464">
    <p class='ocr_par' dir='ltr' id='par_1_1' title="bbox 290 392 1677 464">
     <span class='ocr_line' id='line_1_1' title="bbox 290 392 1677 464; baseline 0.012 -17"><span class='ocrx_word' id='word_1_1' title='bbox 290 392 391 447; x_wconf 69' lang='lat' dir='ltr'>Senon.</span> <span class='ocrx_word' id='word_1_2' title='bbox 411 392 503 446; x_wconf 78' lang='lat' dir='ltr'>Grnrr.</span> <span class='ocrx_word' id='word_1_3' title='bbox 524 392 556 446; x_wconf 85' lang='lat' dir='ltr'>G.</span> <span class='ocrx_word' id='word_1_4' title='bbox 575 409 601 461; x_wconf 87' lang='lat' dir='ltr'>p.</span> <span class='ocrx_word' id='word_1_5' title='bbox 623 394 682 458; x_wconf 82' lang='lat'>153,</span> <span class='ocrx_word' id='word_1_6' title='bbox 701 393 726 447; x_wconf 80' lang='lat'>3.</span> <span class='ocrx_word' id='word_1_7' title='bbox 1193 394 1324 449; x_wconf 79' lang='lat' dir='ltr'>Hrurnus</span> <span class='ocrx_word' id='word_1_8' title='bbox 1342 396 1377 459; x_wconf 90' lang='lat' dir='ltr'>II,</span> <span class='ocrx_word' id='word_1_9' title='bbox 1396 397 1420 450; x_wconf 79' lang='lat' dir='ltr'>I.</span> <span class='ocrx_word' id='word_1_10' title='bbox 1615 400 1677 464; x_wconf 80' lang='lat'>145</span> 
     </span>
    </p>
   </div>
   <div class='ocr_carea' id='block_1_2' title="bbox 157 571 1677 1088">
    <p class='ocr_par' dir='ltr' id='par_1_2' title="bbox 184 571 1634 981">
     <span class='ocr_line' id='line_1_2' title="bbox 229 571 1634 658; baseline 0.003 -20"><span class='ocrx_word' id='word_1_11' title='bbox 229 571 335 638; x_wconf 85' lang='lat' dir='ltr'>Habet</span> <span class='ocrx_word' id='word_1_12' title='bbox 353 571 460 638; x_wconf 78' lang='lat' dir='ltr'>stellas</span> <span class='ocrx_word' id='word_1_13' title='bbox 478 573 511 636; x_wconf 92' lang='lat' dir='ltr'>in</span> <span class='ocrx_word' id='word_1_14' title='bbox 529 571 633 655; x_wconf 85' lang='lat' dir='ltr'>eapite</span> <span class='ocrx_word' id='word_1_15' title='bbox 650 571 767 636; x_wconf 88' lang='lat' dir='ltr'>claram</span> <span class='ocrx_word' id='word_1_16' title='bbox 780 593 883 649; x_wconf 89' lang='lat' dir='ltr'>unam,</span> <span class='ocrx_word' id='word_1_17' title='bbox 980 573 1042 638; x_wconf 86' lang='lat' dir='ltr'>Hie</span> <span class='ocrx_word' id='word_1_18' title='bbox 1071 571 1170 638; x_wconf 85' lang='lat' dir='ltr'>habet</span> <span class='ocrx_word' id='word_1_19' title='bbox 1200 572 1233 637; x_wconf 88' lang='lat' dir='ltr'>in</span> <span class='ocrx_word' id='word_1_20' title='bbox 1265 575 1368 658; x_wconf 79' lang='lat' dir='ltr'>capite</span> <span class='ocrx_word' id='word_1_21' title='bbox 1400 576 1524 641; x_wconf 86' lang='lat' dir='ltr'>stellam</span> <span class='ocrx_word' id='word_1_22' title='bbox 1551 577 1634 643; x_wconf 83' lang='lat' dir='ltr'>clare</span> 
     </span>
     <span class='ocr_line' id='line_1_3' title="bbox 184 679 1634 768; baseline 0.004 -24"><span class='ocrx_word' id='word_1_23' title='bbox 184 680 218 744; x_wconf 93' lang='lat' dir='ltr'>in</span> <span class='ocrx_word' id='word_1_24' title='bbox 245 681 358 746; x_wconf 87' lang='lat' dir='ltr'>dextra</span> <span class='ocrx_word' id='word_1_25' title='bbox 384 680 436 745; x_wconf 84' lang='lat' dir='ltr'>ala</span> <span class='ocrx_word' id='word_1_26' title='bbox 462 679 614 765; x_wconf 89' lang='lat' dir='ltr'>quinque,</span> <span class='ocrx_word' id='word_1_27' title='bbox 644 700 739 743; x_wconf 87' lang='lat' dir='ltr'>unam</span> <span class='ocrx_word' id='word_1_28' title='bbox 767 679 882 744; x_wconf 82' lang='lat' dir='ltr'>clarum</span> <span class='ocrx_word' id='word_1_29' title='bbox 936 681 1092 746; x_wconf 85' lang='lat' dir='ltr'>lucentem</span> <span class='ocrx_word' id='word_1_30' title='bbox 1114 702 1222 758; x_wconf 87' lang='lat' dir='ltr'>unum,</span> <span class='ocrx_word' id='word_1_31' title='bbox 1250 682 1281 746; x_wconf 92' lang='lat' dir='ltr'>in</span> <span class='ocrx_word' id='word_1_32' title='bbox 1306 682 1387 747; x_wconf 86' lang='lat' dir='ltr'>ooIIo</span> <span class='ocrx_word' id='word_1_33' title='bbox 1409 683 1542 749; x_wconf 83' lang='lat' dir='ltr'>alteram</span> <span class='ocrx_word' id='word_1_34' title='bbox 1564 685 1634 768; x_wconf 88' lang='lat' dir='ltr'>pari</span> 
     </span>
     <span class='ocr_line' id='line_1_4' title="bbox 185 786 1633 877; baseline 0.001 -24"><span class='ocrx_word' id='word_1_35' title='bbox 185 809 266 872; x_wconf 84' lang='lat' dir='ltr'>quae</span> <span class='ocrx_word' id='word_1_36' title='bbox 293 794 341 853; x_wconf 83' lang='lat' dir='ltr'>est</span> <span class='ocrx_word' id='word_1_37' title='bbox 368 809 444 871; x_wconf 86' lang='lat' dir='ltr'>erga</span> <span class='ocrx_word' id='word_1_38' title='bbox 471 788 599 863; x_wconf 88' lang='lat' dir='ltr'>oollum,</span> <span class='ocrx_word' id='word_1_39' title='bbox 625 786 658 851; x_wconf 90' lang='lat' dir='ltr'>in</span> <span class='ocrx_word' id='word_1_40' title='bbox 681 786 810 851; x_wconf 80' lang='lat' dir='ltr'>sinistra</span> <span class='ocrx_word' id='word_1_41' title='bbox 832 787 883 851; x_wconf 88' lang='lat' dir='ltr'>aIa</span> <span class='ocrx_word' id='word_1_42' title='bbox 936 787 1066 871; x_wconf 78' lang='lat' dir='ltr'>fulgore,</span> <span class='ocrx_word' id='word_1_43' title='bbox 1089 788 1121 851; x_wconf 90' lang='lat' dir='ltr'>in</span> <span class='ocrx_word' id='word_1_44' title='bbox 1144 789 1285 873; x_wconf 83' lang='lat' dir='ltr'>utrisque</span> <span class='ocrx_word' id='word_1_45' title='bbox 1308 790 1420 872; x_wconf 86' lang='lat' dir='ltr'>pennis</span> <span class='ocrx_word' id='word_1_46' title='bbox 1442 792 1563 873; x_wconf 76' lang='lat' dir='ltr'>quinne,</span> <span class='ocrx_word' id='word_1_47' title='bbox 1586 793 1633 877; x_wconf 91' lang='lat' dir='ltr'>(in</span> 
     </span>
     <span class='ocr_line' id='line_1_5' title="bbox 185 894 1631 981; baseline 0.001 -21"><span class='ocrx_word' id='word_1_48' title='bbox 185 896 336 980; x_wconf 89' lang='lat' dir='ltr'>quinquo,</span> <span class='ocrx_word' id='word_1_49' title='bbox 367 896 400 959; x_wconf 93' lang='lat' dir='ltr'>in</span> <span class='ocrx_word' id='word_1_50' title='bbox 432 900 558 979; x_wconf 78' lang='lat' dir='ltr'>pectore</span> <span class='ocrx_word' id='word_1_51' title='bbox 584 916 693 969; x_wconf 88' lang='lat' dir='ltr'>unam,</span> <span class='ocrx_word' id='word_1_52' title='bbox 724 894 757 957; x_wconf 92' lang='lat' dir='ltr'>in</span> <span class='ocrx_word' id='word_1_53' title='bbox 784 894 884 958; x_wconf 81' lang='lat' dir='ltr'>cauda</span> <span class='ocrx_word' id='word_1_54' title='bbox 937 916 1066 978; x_wconf 84' lang='lat' dir='ltr'>corpore</span> <span class='ocrx_word' id='word_1_55' title='bbox 1093 896 1219 981; x_wconf 71' lang='lat' dir='ltr'>unam)</span> <span class='ocrx_word' id='word_1_56' title='bbox 1248 917 1343 979; x_wconf 84' lang='lat' dir='ltr'>snpra</span> <span class='ocrx_word' id='word_1_57' title='bbox 1369 899 1501 963; x_wconf 77' lang='lat' dir='ltr'>ouudam</span> <span class='ocrx_word' id='word_1_58' title='bbox 1528 920 1631 962; x_wconf 88' lang='lat' dir='ltr'>unam.</span> 
     </span>
    </p>

    <p class='ocr_par' dir='ltr' id='par_1_3' title="bbox 157 1001 1677 1088">
     <span class='ocr_line' id='line_1_6' title="bbox 157 1001 1677 1088; baseline 0.002 -22"><span class='ocrx_word' id='word_1_59' title='bbox 157 1014 288 1080; x_wconf 73' lang='lat' dir='ltr'>tunam,</span> <span class='ocrx_word' id='word_1_60' title='bbox 302 1024 383 1088; x_wconf 85' lang='lat' dir='ltr'>quae</span> <span class='ocrx_word' id='word_1_61' title='bbox 397 1001 660 1085; x_wconf 81' lang='lat' dir='ltr'>estamplissima</span> <span class='ocrx_word' id='word_1_62' title='bbox 689 1007 763 1066; x_wconf 82' lang='lat' dir='ltr'>sunt</span> <span class='ocrx_word' id='word_1_63' title='bbox 777 1022 883 1065; x_wconf 87' lang='lat' dir='ltr'>omnes</span> <span class='ocrx_word' id='word_1_64' title='bbox 937 1002 1063 1068; x_wconf 89' lang='lat' dir='ltr'>omniuo</span> <span class='ocrx_word' id='word_1_65' title='bbox 1086 1002 1183 1068; x_wconf 85' lang='lat' dir='ltr'>habet</span> <span class='ocrx_word' id='word_1_66' title='bbox 1206 1003 1313 1068; x_wconf 85' lang='lat' dir='ltr'>stellas</span> <span class='ocrx_word' id='word_1_67' title='bbox 1336 1004 1419 1069; x_wconf 89' lang='lat' dir='ltr'>XIV.</span> <span class='ocrx_word' id='word_1_68' title='bbox 1660 1015 1677 1069; x_wconf 73' lang='grc' dir='ltr'>ί)</span> 
     </span>
    </p>
   </div>
   <div class='ocr_carea' id='block_1_3' title="bbox 185 1110 268 1176">
    <p class='ocr_par' dir='ltr' id='par_1_4' title="bbox 185 1110 268 1176">
     <span class='ocr_line' id='line_1_7' title="bbox 185 1110 268 1176; baseline 0 -1"><span class='ocrx_word' id='word_1_69' title='bbox 185 1110 268 1176; x_wconf 83' lang='lat' dir='ltr'>XIV.</span> 
     </span>
    </p>
   </div>
   <div class='ocr_carea' id='block_1_4' title="bbox 429 1644 1355 1714">
    <p class='ocr_par' dir='ltr' id='par_1_5' title="bbox 429 1644 1355 1714">
     <span class='ocr_line' id='line_1_8' title="bbox 429 1644 1355 1714; baseline 0 -15"><span class='ocrx_word' id='word_1_70' title='bbox 429 1661 456 1714; x_wconf 81' lang='lat' dir='ltr'>p.</span> <span class='ocrx_word' id='word_1_71' title='bbox 476 1644 537 1711; x_wconf 79' lang='lat'>153,</span> <span class='ocrx_word' id='word_1_72' title='bbox 557 1646 598 1699; x_wconf 83' lang='lat' dir='ltr'>re.</span> <span class='ocrx_word' id='word_1_73' title='bbox 1257 1645 1292 1710; x_wconf 91' lang='lat' dir='ltr'>n,</span> <span class='ocrx_word' id='word_1_74' title='bbox 1312 1645 1355 1699; x_wconf 77' lang='lat' dir='ltr'>ae.</span> 
     </span>
    </p>
   </div>
   <div class='ocr_carea' id='block_1_5' title="bbox 140 1751 1834 2373">
    <p class='ocr_par' dir='ltr' id='par_1_6' title="bbox 140 1751 1834 2373">
     <span class='ocr_line' id='line_1_9' title="bbox 229 1751 1813 1837; baseline 0.001 -21"><span class='ocrx_word' id='word_1_75' title='bbox 229 1752 327 1818; x_wconf 89' lang='lat' dir='ltr'>Porro</span> <span class='ocrx_word' id='word_1_76' title='bbox 358 1752 521 1836; x_wconf 71' lang='lat' dir='ltr'>aqueum,</span> <span class='ocrx_word' id='word_1_77' title='bbox 553 1773 643 1835; x_wconf 76' lang='lat' dir='ltr'>quarn</span> <span class='ocrx_word' id='word_1_78' title='bbox 669 1770 728 1816; x_wconf 78' lang='lat' dir='ltr'>nos</span> <span class='ocrx_word' id='word_1_79' title='bbox 748 1756 882 1833; x_wconf 79' lang='lat' dir='ltr'>proptor</span> <span class='ocrx_word' id='word_1_80' title='bbox 978 1751 1071 1818; x_wconf 88' lang='lat' dir='ltr'>Hunc</span> <span class='ocrx_word' id='word_1_81' title='bbox 1106 1753 1281 1836; x_wconf 79' lang='lat' dir='ltr'><strong>complures</strong></span> <span class='ocrx_word' id='word_1_82' title='bbox 1316 1753 1529 1837; x_wconf 82' lang='lat' dir='ltr'><strong>Ganymedem</strong></span> <span class='ocrx_word' id='word_1_83' title='bbox 1565 1775 1633 1819; x_wconf 83' lang='lat' dir='ltr'>esse</span> <span class='ocrx_word' id='word_1_84' title='bbox 1700 1752 1813 1808; x_wconf 83' lang='lat' dir='ltr'><strong><em>XXVI·</em></strong></span> 
     </span>
     <span class='ocr_line' id='line_1_10' title="bbox 184 1842 1834 1944; baseline 0.002 -22"><span class='ocrx_word' id='word_1_85' title='bbox 184 1860 296 1925; x_wconf 80' lang='lat' dir='ltr'>imbres</span> <span class='ocrx_word' id='word_1_86' title='bbox 327 1861 441 1925; x_wconf 77' lang='lat' dir='ltr'><strong><em>mensis</em></strong></span> <span class='ocrx_word' id='word_1_87' title='bbox 466 1861 570 1941; x_wconf 79' lang='lat' dir='ltr'>ipsius</span> <span class='ocrx_word' id='word_1_88' title='bbox 599 1862 645 1924; x_wconf 79' lang='lat' dir='ltr'>sic</span> <span class='ocrx_word' id='word_1_89' title='bbox 670 1862 880 1937; x_wconf 67' lang='lat' dir='ltr'>numnam-rra,</span> <span class='ocrx_word' id='word_1_90' title='bbox 935 1859 1091 1937; x_wconf 86' lang='lat' dir='ltr'>dixerunt,</span> <span class='ocrx_word' id='word_1_91' title='bbox 1113 1881 1205 1944; x_wconf 90' lang='lat' dir='ltr'>quem</span> <span class='ocrx_word' id='word_1_92' title='bbox 1223 1860 1343 1943; x_wconf 81' lang='lat' dir='ltr'>Iupiter</span> <span class='ocrx_word' id='word_1_93' title='bbox 1364 1867 1496 1944; x_wconf 89' lang='lat' dir='ltr'>proptor</span> <span class='ocrx_word' id='word_1_94' title='bbox 1513 1861 1628 1944; x_wconf 84' lang='lat' dir='ltr'>pulcri·</span> <span class='ocrx_word' id='word_1_95' title='bbox 1680 1842 1834 1910; x_wconf 46' lang='grc' dir='ltr'>ΛΜΝ·</span> 
     </span>
     <span class='ocr_line' id='line_1_11' title="bbox 140 1967 1677 2052; baseline 0.003 -25"><span class='ocrx_word' id='word_1_96' title='bbox 140 1975 175 2028; x_wconf 88' lang='lat'>10</span> <span class='ocrx_word' id='word_1_97' title='bbox 184 1967 316 2051; x_wconf 81' lang='lat' dir='ltr'>gentiles</span> <span class='ocrx_word' id='word_1_98' title='bbox 335 1973 441 2032; x_wconf 87' lang='lat' dir='ltr'>autom</span> <span class='ocrx_word' id='word_1_99' title='bbox 459 1967 656 2032; x_wconf 80' lang='lat' dir='ltr'>arbitrantur</span> <span class='ocrx_word' id='word_1_100' title='bbox 670 1967 883 2050; x_wconf 81' lang='lat' dir='ltr'>Ganymedem</span> <span class='ocrx_word' id='word_1_101' title='bbox 934 1968 1076 2032; x_wconf 84' lang='lat' dir='ltr'>tudinem</span> <span class='ocrx_word' id='word_1_102' title='bbox 1109 1970 1247 2052; x_wconf 88' lang='lat' dir='ltr'>corporis</span> <span class='ocrx_word' id='word_1_103' title='bbox 1279 1973 1420 2051; x_wconf 84' lang='lat' dir='ltr'>eruptum</span> <span class='ocrx_word' id='word_1_104' title='bbox 1449 1967 1633 2051; x_wconf 79' lang='lat' dir='ltr'>parentibus</span> <span class='ocrx_word' id='word_1_105' title='bbox 1644 1979 1677 2032; x_wconf 90' lang='lat'>10</span> 
     </span>
     <span class='ocr_line' id='line_1_12' title="bbox 185 2074 1632 2159; baseline 0.001 -21"><span class='ocrx_word' id='word_1_106' title='bbox 185 2074 282 2141; x_wconf 83' lang='lat' dir='ltr'>fuisse</span> <span class='ocrx_word' id='word_1_107' title='bbox 299 2081 332 2140; x_wconf 85' lang='lat' dir='ltr'>et</span> <span class='ocrx_word' id='word_1_108' title='bbox 345 2074 387 2139; x_wconf 91' lang='lat' dir='ltr'>ob</span> <span class='ocrx_word' id='word_1_109' title='bbox 400 2076 529 2139; x_wconf 90' lang='lat' dir='ltr'>nimiam</span> <span class='ocrx_word' id='word_1_110' title='bbox 542 2075 784 2159; x_wconf 86' lang='lat' dir='ltr'>pulcritudinem</span> <span class='ocrx_word' id='word_1_111' title='bbox 799 2074 882 2138; x_wconf 89' lang='lat' dir='ltr'>inter</span> <span class='ocrx_word' id='word_1_112' title='bbox 936 2074 1065 2138; x_wconf 85' lang='lat' dir='ltr'>deorum</span> <span class='ocrx_word' id='word_1_113' title='bbox 1093 2076 1269 2140; x_wconf 83' lang='lat' dir='ltr'>ministrum</span> <span class='ocrx_word' id='word_1_114' title='bbox 1294 2074 1404 2141; x_wconf 76' lang='lat' dir='ltr'>fecisse</span> <span class='ocrx_word' id='word_1_115' title='bbox 1427 2077 1632 2141; x_wconf 84' lang='lat' dir='ltr'>existimatur.</span> 
     </span>
     <span class='ocr_line' id='line_1_13' title="bbox 185 2181 1633 2266; baseline 0 -20"><span class='ocrx_word' id='word_1_116' title='bbox 185 2188 272 2247; x_wconf 88' lang='lat' dir='ltr'>astra</span> <span class='ocrx_word' id='word_1_117' title='bbox 294 2182 490 2248; x_wconf 80' lang='lat' dir='ltr'>conlocatum</span> <span class='ocrx_word' id='word_1_118' title='bbox 513 2204 533 2247; x_wconf 86' lang='lat' dir='ltr'>a</span> <span class='ocrx_word' id='word_1_119' title='bbox 555 2182 628 2247; x_wconf 85' lang='lat' dir='ltr'>Iove</span> <span class='ocrx_word' id='word_1_120' title='bbox 651 2187 696 2257; x_wconf 85' lang='lat' dir='ltr'>et,</span> <span class='ocrx_word' id='word_1_121' title='bbox 718 2188 754 2246; x_wconf 87' lang='lat' dir='ltr'>ut</span> <span class='ocrx_word' id='word_1_122' title='bbox 776 2183 882 2245; x_wconf 85' lang='lat' dir='ltr'>vinum</span> <span class='ocrx_word' id='word_1_123' title='bbox 935 2181 1042 2263; x_wconf 84' lang='lat' dir='ltr'>itaque</span> <span class='ocrx_word' id='word_1_124' title='bbox 1065 2183 1243 2247; x_wconf 84' lang='lat' dir='ltr'>ostenditur</span> <span class='ocrx_word' id='word_1_125' title='bbox 1264 2190 1300 2246; x_wconf 91' lang='lat' dir='ltr'>ut</span> <span class='ocrx_word' id='word_1_126' title='bbox 1323 2204 1438 2266; x_wconf 86' lang='lat' dir='ltr'>aquam</span> <span class='ocrx_word' id='word_1_127' title='bbox 1460 2183 1567 2265; x_wconf 86' lang='lat' dir='ltr'>aliquo</span> <span class='ocrx_word' id='word_1_128' title='bbox 1588 2186 1633 2247; x_wconf 93' lang='lat' dir='ltr'>in·</span> 
     </span>
     <span class='ocr_line' id='line_1_14' title="bbox 185 2287 1078 2373; baseline -0.001 -20"><span class='ocrx_word' id='word_1_129' title='bbox 185 2293 227 2354; x_wconf 85' lang='lat' dir='ltr'>sit</span> <span class='ocrx_word' id='word_1_130' title='bbox 250 2289 363 2373; x_wconf 84' lang='lat' dir='ltr'>dignus</span> <span class='ocrx_word' id='word_1_131' title='bbox 386 2289 526 2366; x_wconf 86' lang='lat' dir='ltr'>fundere,</span> <span class='ocrx_word' id='word_1_132' title='bbox 549 2289 721 2355; x_wconf 85' lang='lat' dir='ltr'>iudicatum</span> <span class='ocrx_word' id='word_1_133' title='bbox 743 2313 763 2354; x_wconf 86' lang='lat' dir='ltr'>a</span> <span class='ocrx_word' id='word_1_134' title='bbox 786 2290 855 2354; x_wconf 83' lang='lat' dir='ltr'>diis.</span> <span class='ocrx_word' id='word_1_135' title='bbox 935 2287 1078 2353; x_wconf 86' lang='lat' dir='ltr'>fundens.</span> 
     </span>
    </p>
   </div>
   <div class='ocr_carea' id='block_1_6' title="bbox 174 3852 1675 4035">
    <p class='ocr_par' dir='ltr' id='par_1_7' title="bbox 174 3852 1675 4035">
     <span class='ocr_line' id='line_1_15' title="bbox 175 3852 1674 3947; baseline -0.003 -14"><span class='ocrx_word' id='word_1_136' title='bbox 175 3878 253 3933; x_wconf 83' lang='lat' dir='ltr'>Dedi</span> <span class='ocrx_word' id='word_1_137' title='bbox 270 3894 304 3931; x_wconf 80' lang='lat' dir='ltr'>er</span> <span class='ocrx_word' id='word_1_138' title='bbox 322 3878 350 3947; x_wconf 73' lang='lat' dir='ltr'>S,</span> <span class='ocrx_word' id='word_1_139' title='bbox 370 3893 432 3931; x_wconf 72' lang='lat' dir='ltr'>erem</span> <span class='ocrx_word' id='word_1_140' title='bbox 449 3878 482 3930; x_wconf 84' lang='lat' dir='ltr'>in</span> <span class='ocrx_word' id='word_1_141' title='bbox 498 3877 523 3931; x_wconf 80' lang='lat' dir='ltr'><em>G</em></span> <span class='ocrx_word' id='word_1_142' title='bbox 541 3852 641 3933; x_wconf 73' lang='lat' dir='ltr'>omIaau</span> <span class='ocrx_word' id='word_1_143' title='bbox 658 3879 722 3932; x_wconf 78' lang='lat' dir='ltr'>aiut.</span> <span class='ocrx_word' id='word_1_144' title='bbox 970 3894 991 3930; x_wconf 80' lang='lat' dir='ltr'>a.</span> <span class='ocrx_word' id='word_1_145' title='bbox 1010 3893 1023 3930; x_wconf 78' lang='grc'><strong>4</strong></span> <span class='ocrx_word' id='word_1_146' title='bbox 1042 3876 1068 3930; x_wconf 93' lang='lat' dir='ltr'>iu</span> <span class='ocrx_word' id='word_1_147' title='bbox 1089 3892 1202 3944; x_wconf 79' lang='lat' dir='ltr'>corpore</span> <span class='ocrx_word' id='word_1_148' title='bbox 1226 3891 1306 3930; x_wconf 89' lang='lat' dir='ltr'>unam</span> <span class='ocrx_word' id='word_1_149' title='bbox 1331 3875 1432 3929; x_wconf 84' lang='lat' dir='ltr'>addidi</span> <span class='ocrx_word' id='word_1_150' title='bbox 1454 3892 1488 3928; x_wconf 77' lang='lat' dir='ltr'>er</span> <span class='ocrx_word' id='word_1_151' title='bbox 1507 3876 1632 3944; x_wconf 75' lang='lat' dir='ltr'>Epitome</span> <span class='ocrx_word' id='word_1_152' title='bbox 1650 3882 1674 3928; x_wconf 79' lang='lat' dir='ltr'>rt</span> 
     </span>
     <span class='ocr_line' id='line_1_16' title="bbox 174 3964 1675 4035; baseline -0.005 -10"><span class='ocrx_word' id='word_1_153' title='bbox 174 3986 188 4025; x_wconf 84' lang='lat' dir='ltr'>e</span> <span class='ocrx_word' id='word_1_154' title='bbox 208 3967 274 4022; x_wconf 86' lang='lat' dir='ltr'>XIV</span> <span class='ocrx_word' id='word_1_155' title='bbox 292 3968 403 4035; x_wconf 62' lang='lat' dir='ltr'>arripnit</span> <span class='ocrx_word' id='word_1_156' title='bbox 422 3967 488 4021; x_wconf 85' lang='lat' dir='ltr'>XIII</span> <span class='ocrx_word' id='word_1_157' title='bbox 509 3965 537 4020; x_wconf 75' lang='lat' dir='ltr'>S.</span> <span class='ocrx_word' id='word_1_158' title='bbox 935 3965 1015 4018; x_wconf 65' lang='lat' dir='ltr'>rerinl.</span> <span class='ocrx_word' id='word_1_159' title='bbox 1037 3965 1126 4018; x_wconf 78' lang='lat' dir='ltr'>Germ.</span> <span class='ocrx_word' id='word_1_160' title='bbox 1198 3965 1329 4019; x_wconf 78' lang='lat' dir='ltr'>oomnino</span> <span class='ocrx_word' id='word_1_161' title='bbox 1349 3966 1444 4019; x_wconf 86' lang='lat' dir='ltr'>habet:</span> <span class='ocrx_word' id='word_1_162' title='bbox 1464 3966 1549 4018; x_wconf 81' lang='lat' dir='ltr'>Iralmt</span> <span class='ocrx_word' id='word_1_163' title='bbox 1566 3964 1675 4018; x_wconf 91' lang='lat' dir='ltr'>omnino</span> 
     </span>
    </p>
   </div>
   <div class='ocr_carea' id='block_1_7' title="bbox 935 4053 1673 4211">
    <p class='ocr_par' dir='ltr' id='par_1_8' title="bbox 935 4053 1673 4211">
     <span class='ocr_line' id='line_1_17' title="bbox 941 4053 1673 4121; baseline 0 -14"><span class='ocrx_word' id='word_1_164' title='bbox 941 4053 970 4121; x_wconf 90' lang='lat' dir='ltr'>V,</span> <span class='ocrx_word' id='word_1_165' title='bbox 989 4054 1036 4107; x_wconf 84' lang='lat' dir='ltr'>sed</span> <span class='ocrx_word' id='word_1_166' title='bbox 1054 4053 1162 4108; x_wconf 88' lang='lat' dir='ltr'>omnino</span> <span class='ocrx_word' id='word_1_167' title='bbox 1182 4054 1248 4108; x_wconf 86' lang='lat' dir='ltr'>odd.</span> <span class='ocrx_word' id='word_1_168' title='bbox 1262 4073 1336 4108; x_wconf 78' lang='lat' dir='ltr'>arun.</span> <span class='ocrx_word' id='word_1_169' title='bbox 1351 4071 1403 4108; x_wconf 76' lang='lat' dir='ltr'>reo.</span> <span class='ocrx_word' id='word_1_170' title='bbox 1431 4071 1524 4108; x_wconf 82' lang='lat' dir='ltr'>omnen</span> <span class='ocrx_word' id='word_1_171' title='bbox 1538 4055 1572 4108; x_wconf 86' lang='lat' dir='ltr'>R.</span> <span class='ocrx_word' id='word_1_172' title='bbox 1611 4055 1673 4107; x_wconf 84' lang='lat' dir='ltr'>XIV</span> 
     </span>
     <span class='ocr_line' id='line_1_18' title="bbox 935 4143 1418 4211; baseline 0.002 -16"><span class='ocrx_word' id='word_1_173' title='bbox 935 4143 1046 4211; x_wconf 74' lang='lat' dir='ltr'>arripui:</span> <span class='ocrx_word' id='word_1_174' title='bbox 1065 4143 1116 4196; x_wconf 88' lang='lat' dir='ltr'>IIII</span> <span class='ocrx_word' id='word_1_175' title='bbox 1136 4143 1228 4197; x_wconf 76' lang='lat' dir='ltr'><em>DRV.</em></span> <span class='ocrx_word' id='word_1_176' title='bbox 1267 4144 1332 4197; x_wconf 79' lang='lat' dir='ltr'>XIII</span> <span class='ocrx_word' id='word_1_177' title='bbox 1351 4145 1418 4197; x_wconf 84' lang='grc' dir='ltr'>ΒΜ.</span> 
     </span>
    </p>
   </div>
   <div class='ocr_carea' id='block_1_8' title="bbox 0 0 1952 5708">
    <p class='ocr_par' dir='ltr' id='par_1_9' title="bbox 0 0 1952 5708">
     <span class='ocr_line' id='line_1_19' title="bbox 0 0 1952 5708; baseline 0 0"><span class='ocrx_word' id='word_1_178' title='bbox 0 0 1952 5708; x_wconf 95' lang='lat' dir='ltr'> </span> 
     </span>
    </p>
   </div>
  </div>
 </body>
</html>
