3894 5708
293 395 395 448 Sciron
414 392 507 446 Gnnn.
526 394 558 446 G.
582 409 608 461 p.
630 393 689 457 142,
711 394 751 446 13.

244 1737 350 1803 Habet
371 1737 479 1802 stellas
507 1759 601 1820 super
629 1759 721 1801 nares
750 1738 898 1802 obscuras

198 1845 287 1920 duas,
310 1845 343 1908 in
365 1844 468 1928 eapite
490 1843 625 1908 nitidam
648 1865 752 1920 unam,
775 1845 808 1907 in
832 1866 898 1908 rna-

197 1949 274 2014 xilla
292 1971 395 2026 nnam,
415 1952 446 2013 in
465 1951 597 2033 siugulis
616 1950 744 2015 auribus
759 1950 899 2032 singulas

152 2066 187 2118 15
198 2056 389 2138 splendidas,
407 2056 439 2118 iu
458 2056 537 2120 collo
556 2063 716 2138 quattuor,
739 2057 772 2118 in
790 2078 899 2120 umero

197 2185 303 2239 unam,
322 2163 355 2226 in
372 2168 499 2244 pectore
517 2184 620 2238 unam,
640 2164 672 2226 in
692 2164 783 2245 spine
796 2183 900 2238 unam,

199 2269 232 2333 in
255 2268 405 2333 umbilico
429 2268 562 2332 nitidam
585 2291 689 2345 unum,
713 2270 745 2332 in
769 2270 899 2351 singulis

198 2375 331 2459 genibus
354 2375 503 2457 singulas,
527 2376 558 2437 in
577 2396 765 2456 unaquaque
783 2375 900 2457 ungula

199 2503 304 2545 unam.
350 2488 423 2546 sunt
439 2479 509 2544 'sub
537 2503 600 2545 uno
628 2483 736 2546 decem
765 2490 796 2546 et
820 2489 899 2545 oete.

1199 391 1330 443 Hrornus
1349 390 1384 453 ΙΙ,
1404 391 1446 443 18.
1634 389 1696 453 123

951 571 1068 654 petisse
1091 591 1111 632 a
1129 569 1259 630 deornm
1277 572 1443 649 potestate,
1467 587 1506 629 ue
1526 567 1652 648 [seriens

951 699 970 741 a
992 680 1124 759 parente
1147 674 1388 756 conspiceretur.
1421 693 1502 756 quae
1521 673 1652 736 deorum

951 783 1113 846 voluntate
1149 781 1183 843 in
1215 800 1330 861 equam
1361 799 1529 854 conversa,
1565 786 1651 862 post

951 909 1044 971 quarn
1058 887 1190 970 peperit,
1209 885 1293 950 inter
1307 890 1394 949 astra
1408 892 1456 948 est
1469 886 1651 950 constituta.

951 995 1030 1058 haec
1052 994 1168 1058 dicitur
1192 994 1288 1057 etiam
1310 991 1371 1055 hac
1393 1011 1428 1055 re
1450 1012 1513 1055 nou
1532 1012 1600 1055 esse
1618 993 1651 1054 in
1679 1002 1696 1054 5

951 1107 1119 1183 conspectu
1139 1098 1299 1174 Centauri,
1317 1119 1411 1181 quem
1429 1096 1567 1161 Chirona
1586 1119 1652 1162 esse

951 1207 1093 1271 nonnulli
1120 1205 1282 1283 dixerunt,
1310 1212 1342 1270 et
1370 1204 1466 1268 etiarn
1489 1203 1653 1268 dimidiam

951 1315 1117 1397 adparere,
1140 1312 1226 1394 quod
1248 1311 1386 1376 noluerit
1408 1310 1482 1374 seiri
1504 1331 1538 1373 se
1560 1309 1652 1374 femi·

951 1442 1024 1484 nam
1047 1440 1123 1484 esse.

1271 1630 1320 1693 ΙΙΙ,
1342 1630 1381 1683 17.

997 1737 1058 1802 Hie
1075 1737 1174 1802 habet
1191 1737 1225 1799 in
1243 1742 1347 1800 rostro
1365 1735 1473 1799 stollas
1492 1734 1523 1797 ΙΙ
1542 1734 1653 1799 obseu-

952 1865 1013 1919 ras,
1036 1844 1070 1907 in
1092 1846 1195 1927 eapite
1212 1843 1237 1918 Ι,
1261 1844 1294 1906 in
1312 1841 1441 1906 maxilla
1459 1841 1483 1915 Ι,
1507 1842 1539 1904 in
1558 1842 1653 1905 utris-

953 1972 1013 2032 que
1032 1949 1161 2014 nnribus
1180 1949 1329 2030 singulas,
1349 1948 1381 2011 in
1401 1946 1574 2012 ceruicibus
1588 1946 1653 2010 ΙΙΙΙ

954 2056 1116 2131 obseruas,
1140 2056 1195 2119 sed
1218 2055 1352 2119 maxime
1375 2055 1473 2129 lucet,
1495 2075 1576 2136 quae
1600 2075 1652 2117 ca-
1665 2063 1698 2115 15

953 2162 1012 2245 piti
1030 2163 1173 2245 proxima
1192 2162 1338 2243 adparet3
1358 2162 1388 2223 in
1409 2181 1517 2225 nmero
1536 2161 1653 2225 claram

954 2269 982 2342 l,
1010 2271 1042 2334 in
1065 2273 1191 2352 pectore
1215 2268 1243 2342 l,
1271 2268 1304 2330 in
1331 2267 1541 2350 interscapilie
1565 2266 1593 2342 l,
1621 2266 1653 2329 in

954 2375 1102 2440 umbilico
1130 2375 1329 2438 novissimam
1353 2373 1382 2449 Ι,
1414 2394 1497 2455 quae
1524 2373 1653 2437 Andro-

954 2483 1061 2546 medae
1078 2485 1174 2562 eoprd
1192 2485 1331 2557 vocatur,
1357 2480 1388 2542 in
1408 2479 1539 2562 genibus
1558 2482 1653 2544 utris-

953 2611 1015 2670 que
1029 2587 1178 2671 singulas,
1197 2587 1230 2650 in
1243 2588 1385 2668 utrisque
1401 2586 1574 2669 poplitibus
1590 2587 1698 2649 sin-20

953 2695 1052 2777 gulas,
1075 2695 1122 2758 ita
1139 2701 1188 2759 est
1206 2693 1332 2757 omnino
1356 2691 1518 2756 stellarum
1537 2689 1653 2755 XVIII.

990 3242 1002 3279 a
1022 3239 1104 3291 quae:
1124 3239 1177 3290 quo
1196 3223 1224 3275 V.
1320 3228 1496 3289 spostqunm
1516 3220 1626 3288 peperit
1644 3221 1699 3273 bae

955 3313 1062 3366 traiecit
1086 3311 1325 3379 Wilemowilriae,
1349 3312 1380 3362 ia
1402 3310 1479 3362 libris
1498 3315 1562 3375 post
1585 3311 1697 3364 deorum

954 3400 1094 3454 voluntate
1127 3400 1266 3467 lep-untur.
1367 3416 1392 3453 rs
1420 3405 1519 3452 rostro:
1552 3398 1630 3451 labro
1662 3399 1697 3452 R.

955 3508 981 3545 ro
1000 3505 1070 3556 quae
1089 3487 1282 3542 Andromedae
1305 3495 1388 3556 eaput
1413 3494 1537 3541 vocatur:
1562 3504 1596 3540 cc
1614 3487 1699 3540 Arati

956 3581 1062 3630 12:207.
1136 3594 1161 3629 se
1181 3576 1272 3629 XVlll
1292 3576 1429 3629 Bantius:
1450 3576 1527 3630 xvll
1547 3575 1617 3629 libri.
