3894 5708
287 374 400 452 'sceau
420 397 513 451 Grau.
533 397 565 452 G.
585 415 610 468 p.
634 400 690 461 176,
714 400 752 452 17.
1197 400 1328 453 Hreruus
1347 400 1382 463 ll,
1401 400 1443 452 41.
1631 401 1688 465 181

242 578 342 643 Piscis
371 599 447 661 ergo
475 598 618 663 maguus,
650 580 738 645 cuius
765 585 896 663 nepotes
994 580 1093 644 Piscis
1116 581 1169 664 qui
1195 580 1299 644 notius
1321 578 1508 661 adpellatur.
1532 580 1585 645 bie
1604 580 1648 643 vi·
1681 578 1855 632 XXXVIII

198 686 340 751 fabulose
359 686 508 751 dicuntur
520 687 630 770 pisces,
648 688 702 770 qui
718 688 751 752 in
766 687 896 751 soiliaco
949 686 1043 751 detur
1079 709 1132 752 ore
1169 708 1283 772 aquam
1323 687 1466 769 excipere
1501 706 1522 750 a
1557 688 1647 769 siguo
1724 668 1820 723 stimi·

198 793 315 858 circulo
338 794 501 858 constituti
524 800 613 871 suut,
639 795 757 859 dicitur
778 816 798 858 a
820 816 896 877 geu·
950 794 1090 875 Aquarii.
1109 794 1164 877 qui
1183 793 1379 859 laborantem
1397 795 1555 876 quondam
1570 794 1649 857 Isim

197 901 307 965 tilibus
334 898 419 965 inter
441 907 529 966 astra
548 902 728 967 conlocutus
751 923 789 966 eo
812 902 896 986 quod
949 922 1089 965 seruasse
1108 902 1321 979 existimatum
1341 922 1397 984 pre
1417 922 1480 983 quo
1496 899 1648 965 beneficio

171 1008 393 1073 bdecideutem
421 1009 455 1072 iu
482 1008 630 1074 Bambice
657 1015 769 1092 stagno
797 1030 896 1091 quou-
950 1008 1151 1074 simulacrum
1172 1009 1267 1091 piscis
1290 1015 1323 1073 et
1345 1008 1412 1095 eius
1435 1006 1586 1083 filiorum,
1608 1007 1648 1071 de
1675 1016 1692 1069 5

198 1115 270 1179 dam
293 1114 394 1191 deam,
417 1137 511 1198 quam
530 1115 653 1201 Syriam
676 1117 830 1182 vocabant
853 1154 894 1165 -
950 1114 1064 1197 quibus
1087 1120 1161 1180 aute
1185 1116 1335 1192 diximus,
1358 1115 1443 1179 iuter
1465 1120 1552 1179 astra
1575 1136 1647 1179 ccu-

197 1228 230 1286 ct
262 1221 428 1287 dicebatur
458 1222 525 1288 filia
557 1224 688 1290 Veneris
723 1263 762 1272 -
795 1224 896 1289 salva·
950 1222 1063 1288 stituit.

198 1330 286 1394 verit.

992 2724 1100 2805 itaque
1136 2721 1206 2806 Syri
1243 2721 1418 2805 complures
1450 2721 1552 2805 pisces
1584 2741 1647 2784 nou

947 2831 1065 2895 esitant
1096 2835 1129 2894 et
1160 2849 1268 2893 eorum
1302 2829 1470 2894 simulacra
1500 2827 1647 2893 inaurata

946 2960 1005 3022 pre
1042 2936 1103 3001 diis
1139 2935 1306 3020 penatibus
1342 2936 1457 3001 colunt.
1508 2934 1556 3000 De
1587 2935 1647 3000 boc

948 3044 1069 3110 Ctesias
1093 3042 1210 3109 scribit.

152 3163 190 3217 25
241 3153 347 3219 Habet
370 3154 498 3236 quidem
520 3153 628 3220 stellas
650 3152 720 3218 XII.
992 3150 1055 3216 Sed
1079 3157 1127 3216 est
1150 3150 1312 3217 stellarum
1336 3150 1462 3214 omniuo
1485 3149 1556 3213 XII.
1656 3157 1691 3210 25

187 3568 286 3620 eante
303 3563 449 3619 dicebatur
465 3568 486 3635 β
504 3563 607 3619 addere
625 3565 685 3619 cult
703 3580 782 3633 quae.
984 3580 994 3616 1
1027 3560 1130 3615 notius:
1173 3560 1286 3615 debebat
1321 3575 1444 3627 magnus.
1489 3559 1584 3613 notitae
1619 3559 1692 3612 enim
1751 3616 1755 3623 ,

948 3668 1042 3706 coram
1074 3651 1125 3718 qui
1151 3651 1182 3702 ia
1210 3649 1314 3703 circulo
1341 3648 1454 3702 zodiaco
1480 3654 1547 3702 suat
1570 3647 1692 3716 piscium

949 3741 1020 3795 alter
1038 3740 1209 3794 nominetur.
1246 3756 1259 3794 a
1277 3754 1325 3793 ore
1343 3753 1456 3806 aquam:
1476 3752 1575 3805 squam
1594 3752 1641 3790 ore
1655 3735 1690 3790 R.

949 3849 975 3887 24
989 3830 1095 3886 Ctesias
1110 3828 1235 3898 Medias,
1253 3828 1312 3881 arbi
1324 3827 1399 3894 quod
1413 3833 1442 3879 ct
1457 3824 1563 3880 Ctesias
1576 3824 1692 3879 scraberc

950 3922 1022 3986 realt3
1050 3926 1079 3973 at
1103 3926 1132 3972 et
1153 3917 1224 3971 ardut
1252 3932 1306 3969 csse
1334 3932 1419 3984 quum
1446 3922 1474 3969 et
1502 3921 1574 3969 recte
1600 3920 1692 3968 arona

948 4010 1125 4065 Burcicmes:
1140 4006 1262 4062 ethesius
1271 4004 1340 4059 MR.
1356 4002 1502 4059 etesiasB.
1518 4011 1546 4058 et
1556 4003 1648 4059 beriae
1657 4002 1689 4056 P.
