3894 5708
213 338 253 404 14

208 519 344 606 exempli
364 520 467 604 gratia
489 517 664 588 κνώδαλον
686 520 734 587 vel
758 515 872 599 δάκος;
895 543 965 587 eum
988 527 1101 600 autem,
1125 523 1178 607 qui
1197 522 1289 590 huius
1308 527 1498 592 narrationis
1516 535 1735 613 argumentum

207 631 344 715 pedestri
372 619 513 696 oratione
539 629 740 712 exprimeret,
767 652 837 694 cum
864 631 904 695 dc
927 629 1069 695 vocabuli
1096 630 1180 696 illius
1203 631 1233 697 vi
1256 653 1293 698 ac
1314 633 1542 717 significatione
1565 638 1736 716 dubitaret,

207 738 380 823 complures
404 738 625 821 explicationes
647 737 799 801 attulisse,

292 845 448 929 Longiore
475 845 535 910 hac
561 845 753 928 digressione
776 845 810 908 id
838 848 922 909 certe
945 844 1092 909 evicimus
1124 866 1162 909 ex
1185 846 1301 931 Hygini
1325 847 1504 933 Astrologia
1530 853 1735 936 interpretem

206 952 383 1026 Germanici
409 952 490 1018 hanc
513 950 651 1017 fabulam
673 952 874 1017 nullomodo
898 972 1020 1016 sumere
1042 953 1188 1036 potuisse.
1234 953 1318 1018 idem
1341 958 1373 1020 in
1396 963 1516 1022 ceteras
1538 980 1617 1041 quas
1640 981 1735 1043 supra

205 1063 310 1126 notavi
333 1061 529 1127 narrationes
551 1062 671 1137 cadere,
694 1059 856 1142 utriusque
880 1059 1040 1143 scriptoris
1059 1059 1161 1124 verbis
1180 1061 1263 1125 inter
1281 1083 1314 1127 se
1333 1064 1464 1129 conlatis
1482 1087 1735 1150 unumquemque

204 1168 435 1233 intellecturum
458 1190 525 1234 esso
547 1189 651 1253 spor03
675 1168 781 1251 itaquo
804 1167 857 1232 hic
878 1167 1016 1250 singulas
1039 1169 1180 1252 persequi
1205 1171 1408 1252 supersedere
1431 1194 1565 1256 possum.
1607 1174 1734 1237 omnino

203 1276 281 1341 haec
307 1276 425 1342 scholia
451 1297 545 1341 unam
572 1280 695 1340 tautum
721 1274 934 1340 narrationem
961 1272 1122 1351 exhibent,
1150 1297 1230 1357 quae
1257 1299 1328 1342 cum
1353 1279 1469 1362 Hygini
1493 1281 1674 1362 Astrologia
1701 1280 1733 1344 in

203 1382 306 1448 vorbis
333 1405 455 1469 quoque
483 1383 714 1450 accuratissime
741 1381 923 1446 consentiat.
975 1387 1023 1446 est
1049 1403 1087 1446 ca
1114 1383 1152 1446 do
1179 1383 1300 1468 Lepore
1327 1407 1356 1468 p.
1379 1385 1435 1461 95,
1467 1387 1618 1463 19-97,
1646 1388 1665 1451 8
1689 1416 1734 1443 =

203 1490 315 1575 Hygia.
339 1491 371 1555 11
395 1490 445 1555 33.
487 1492 542 1557 sod
564 1490 646 1555 hanc
667 1489 841 1574 posteriore
864 1490 990 1554 demum
1013 1495 1118 1554 aetate
1141 1512 1179 1554 ex
1202 1490 1325 1575 Hygino
1348 1493 1571 1576 interpolatam
1594 1517 1661 1559 osso
1684 1495 1733 1558 in·

203 1597 292 1663 victis
315 1601 507 1682 argumentis
530 1599 669 1664 ostendit
690 1597 861 1662 Bursienus
880 1596 1004 1682 (Jahrb.
1028 1596 1048 1661 f.
1072 1597 1396 1663 class.Philol.1866
1419 1622 1448 1682 p.
1469 1602 1531 1664 766
1557 1600 1645 1665 Anm.
1668 1602 1733 1686 13).

290 1706 355 1772 lam
380 1707 475 1790 igitur
498 1706 668 1790 quaeritur,
691 1712 795 1769 utrum
817 1709 943 1788 praeter
962 1703 1202 1770 Catasterismos
1220 1705 1318 1770 alium
1336 1729 1460 1790 quoque
1479 1708 1594 1772 librum
1613 1708 1733 1792 pariter

201 1819 333 1896 uterque
359 1813 541 1879 adhibuerit
566 1834 607 1879 au
634 1833 836 1896 quaecunque
862 1813 946 1876 intor
973 1834 1005 1876 so
1028 1813 1203 1877 communia
1224 1812 1355 1889 habent,
1383 1835 1421 1878 ca
1444 1814 1548 1879 omnia
1571 1816 1611 1879 ad
1635 1815 1731 1881 Cata-

201 1921 360 1986 sterismos
386 1921 551 1986 referenda
577 1923 648 1986 sint,
693 1927 727 1985 at
754 1925 879 2004 practer
903 1918 1113 1984 Aristomachi
1141 1920 1354 1985 narrationem
1381 1929 1487 1986 cetera
1514 1925 1620 1988 omnia
1646 1925 1732 2007 apud

147 2053 148 2056 ¹
200 2032 367 2111 utrumqne
380 2029 516 2094 'eundem
536 2029 569 2092 in
587 2030 713 2094 modum
732 2026 1025 2092 Catastcrismorum
1043 2026 1186 2091 frustulis
1205 2028 1454 2112 interponuntur.
1482 2030 1645 2095 considera
1662 2051 1690 2095 v.
1706 2053 1731 2095 c

200 2156 250 2211 ea,
273 2157 353 2220 quae
377 2159 414 2201 cx
437 2136 593 2220 Amphido
616 2140 786 2200 narrantur
808 2134 866 2221 (1):
894 2133 1011 2199 eisdem
1035 2133 1328 2200 Catasterismorum
1351 2136 1534 2219 fragmentis
1557 2138 1634 2203 hacc
1656 2161 1731 2202 nar·

199 2244 281 2308 ratio
308 2243 393 2327 apud
420 2247 588 2326 utrumque
616 2244 718 2307 cincta
745 2247 800 2307 ost.
846 2241 906 2306 hoc
928 2262 1002 2306 casu
1025 2240 1142 2306 factum
1165 2264 1231 2306 csse
1254 2243 1339 2306 nullo
1363 2243 1455 2307 modo
1479 2250 1590 2326 potest.
1636 2267 1733 2329 porro

199 2347 383 2432 Panyasidis
406 2353 545 2416 narratio
564 2350 640 2437 (111)
660 2350 692 2413 iu
711 2349 904 2415 Gonicularii
927 2347 1134 2431 explicatione
1158 2350 1209 2412 vix
1228 2349 1335 2414 deesse
1353 2355 1466 2432 potest,
1489 2358 1525 2415 ut
1543 2373 1612 2416 eam
1631 2374 1732 2434 quou-

200 2455 271 2520 dam
295 2457 327 2520 in
346 2457 577 2524 Catastorismis
600 2458 756 2522 exstitisse
779 2477 879 2539 paene
902 2455 1110 2521 necessarium
1133 2457 1182 2520 sit.
1229 2479 1303 2520 num
1326 2457 1413 2521 credi
1436 2462 1541 2540 potest
1563 2464 1733 2542 utrumque

198 2563 383 2647 scriptorem
411 2565 543 2631 duorum
570 2587 698 2648 operum
725 2563 859 2629 frustula
886 2585 1014 2646 prorsus
1038 2564 1146 2628 codem
1170 2566 1263 2628 modo
1286 2564 1495 2646 disposuisse?
1541 2565 1730 2632 Catastcris·

199 2692 320 2735 morum
341 2670 467 2739 lacarias
490 2673 607 2738 eisdem
629 2669 863 2738 narrationibus
882 2671 1071 2754 explevisse?
1109 2692 1208 2754 nequo
1228 2672 1311 2735 onim
1329 2673 1358 2736 oi
1377 2673 1509 2736 multum
1528 2671 1733 2737 tribuendum

199 2784 259 2855 est,
283 2780 366 2863 quod
390 2779 598 2846 Aristomachi
622 2779 761 2844 fabulam
785 2777 875 2864 (Vll)
899 2777 1040 2861 Hyginus
1063 2778 1125 2842 alio
1149 2777 1216 2842 loco
1240 2779 1361 2860 profert
1383 2802 1421 2844 ac
1443 2778 1626 2843 scholiastes
1651 2779 1732 2844 Ger-

199 2885 320 2950 manici.
366 2908 438 2952 nam
465 2888 497 2951 in
524 2887 584 2952 hoc
611 2887 727 2969 capite,
754 2886 838 2969 quod
866 2889 914 2950 est
941 2885 980 2949 de
1008 2885 1138 2961 Orione,
1164 2885 1323 2968 Hyginum
1351 2887 1520 2969 genuinum
1543 2885 1732 2951 Catasteris-

197 3014 318 3059 morum
350 2995 490 3060 ordinem
523 2995 697 3060 deseruisse
724 2993 771 3057 vel
800 2991 961 3076 Epitomcs
994 2991 1185 3075 comparatio
1218 2992 1317 3058 docet.
1367 2991 1417 3057 his
1444 2992 1540 3076 igitur
1567 2993 1733 3077 perpensis

198 3100 302 3165 omnia
329 3122 366 3165 ea
393 3124 473 3184 quae
496 3101 620 3186 Hygino
643 3123 712 3165 cum
736 3100 908 3182 interprete
931 3099 1109 3164 Germanici
1132 3102 1308 3178 communia
1331 3101 1467 3166 suntad
1490 3100 1732 3166 Catsstcrismos

197 3206 273 3272 satis
296 3206 489 3273 confidenter
511 3207 622 3274 refero.
668 3209 774 3290 itaque
797 3207 950 3271 accedunt
972 3205 1265 3271 Catasterismorum
1288 3208 1429 3291 reliquiis
1452 3213 1523 3272 octo
1547 3209 1627 3284 illac,
1651 3230 1732 3292 quas

196 3335 291 3397 supra
318 3313 503 3398 significavi,
529 3317 734 3380 narrationes.
780 3336 818 3378 cx
846 3313 890 3378 eis
918 3319 1022 3378 tamon
1051 3335 1088 3378 oa
1112 3334 1191 3395 quae
1214 3315 1255 3377 ad
1279 3312 1419 3378 Arietem
1441 3320 1562 3397 spectat
1585 3313 1658 3400 (IV)
1684 3315 1734 3380 ita

196 3428 377 3506 comparata
399 3426 460 3500 est,
481 3427 517 3487 ut
540 3420 769 3487 dubitationem
792 3442 915 3485 movere
938 3422 1044 3504 possit.
1090 3441 1187 3503 quare
1211 3420 1250 3484 do
1273 3441 1311 3484 ea
1333 3422 1439 3504 paullo
1463 3422 1637 3486 cromatius
1661 3422 1731 3488 dis-

196 3529 370 3613 putandum
393 3536 448 3596 est.
632 3510 637 3521 ⁸
1088 3591 1091 3600 .

285 3636 371 3702 Haec
393 3637 491 3720 igitur
513 3637 615 3702 Schol.
639 3636 742 3701 Germ·
765 3659 793 3718 p.
818 3636 874 3712 80,
897 3635 932 3699 4:
960 3634 1116 3699 Phrixum
1139 3639 1242 3698 catera
1260 3636 1422 3716 perlatam
1450 3634 1577 3700 Colchos
1600 3636 1733 3700 arietem

198 3743 371 3809 irarnolassc
387 3743 563 3826 pellemque
585 3745 651 3809 eius
675 3763 806 3806 auream
824 3741 896 3806 Ioci
918 3762 1078 3820 sacr·cssc,·
1100 3741 1170 3805 idco
1193 3763 1262 3805 carr
1279 3741 1404 3822 pallere
1427 3744 1474 3806 aa
1493 3741 1730 3821 Eratosthenes,

196 3851 282 3932 quod
308 3851 448 3932 deposito
475 3850 586 3915 celime
613 3870 709 3914 carco
738 3851 771 3912 r'rr
798 3848 918 3913 coelam
945 3850 986 3913 sit
1009 3853 1156 3929 receptas
1202 3855 1313 3913 contra
1335 3850 1476 3932 Hyginus
1500 3850 1577 3913 duas
1601 3848 1732 3913 fabulae

196 3956 312 4022 formas
335 3957 455 4041 profert
478 3957 508 4022 ΙΙ
532 3958 575 4023 20
596 3961 761 4036 practerea
784 3955 940 4020 Pliricara
964 3956 1146 4021 incolumem
1169 3957 1213 4021 acl
1235 3956 1365 4020 Aeetam
1384 3957 1574 4036 pervertisse,
1599 3956 1733 4020 arietem

195 4063 267 4128 Ioci
293 4064 482 4141 r'rarnolcsse,
506 4063 620 4143 pellem
647 4065 682 4127 ia
709 4064 822 4143 tearplo
848 4064 967 4144 fic'issc,
996 4068 1026 4128 et
1054 4063 1164 4127 arietis
1187 4061 1289 4143 ipsias
1312 4063 1447 4147 clltpr'eor
1470 4064 1510 4127 ab
1532 4063 1623 4128 Naba
1645 4063 1733 4126 tator

195 4169 303 4235 sidera
321 4172 522 4235 constitutam
539 4170 650 4258 habac
667 4174 787 4249 tompus
806 4171 895 4248 caat,
917 4191 978 4252 pao
997 4169 1189 4249 frustratura
1207 4170 1420 4249 ematurata,
1441 4170 1527 4252 qaod
1539 4169 1600 4233 Iac
1614 4172 1730 4232 tostam

195 4279 306 4342 severit
333 4277 469 4366 caten)
503 4298 585 4359 qaae
611 4278 747 4341 mactare
772 4275 869 4358 saycc
895 4277 960 4357 fusa
987 4297 1093 4341 causo.
1145 4276 1369 4341 Eratosthenes
1396 4278 1444 4341 aa
1471 4277 1599 4340 arietem
1624 4277 1733 4355 ipsam

194 4384 255 4450 sihi
271 4385 387 4466 pellem
409 4405 540 4450 auream
563 4385 737 4448 detrec-isse
759 4388 788 4449 et
810 4382 932 4447 Phrixo
955 4385 1122 4449 trinacriae
1144 4404 1242 4449 caasa
1266 4383 1399 4463 dedisse,
1428 4385 1532 4465 apsaro
1556 4382 1599 4447 cd
1621 4383 1733 4447 sidero

194 4493 377 4573 pervenisse,
401 4512 511 4573 quare,
535 4490 571 4554 ct
593 4511 694 4571 supra
717 4491 864 4569 alaram,
890 4491 1050 4555 obscurius
1072 4491 1226 4555 rideatur.
1265 4491 1366 4555 altera
1385 4492 1482 4574 igitur
1501 4492 1601 4556 forma
1618 4490 1731 4555 eadem

195 4604 256 4675 est,
283 4592 376 4683 quam
406 4600 436 4663 in
464 4597 591 4662 scholiis
615 4598 792 4663 Germanici
820 4599 1006 4674 invenimus,
1033 4619 1097 4680 qua
1119 4597 1270 4661 Phrixum
1298 4600 1390 4662 arieti
1418 4598 1533 4680 pellem
1555 4597 1733 4661 detraxisse

195 4707 375 4789 exponitur3
401 4705 534 4770 alteram
556 4711 676 4781 autem,
699 4726 761 4787 qua
783 4706 913 4770 arietem
937 4707 1040 4788 ipsum
1062 4726 1095 4769 se
1117 4705 1198 4789 pollo
1222 4708 1343 4770 exuisse
1366 4711 1521 4781 narratm,
1544 4703 1628 4787 apud
1651 4704 1732 4768 Era-

283 4935 317 5003 21)
336 4935 378 4989 Dc
397 4935 480 4990 variis
500 4936 664 4991 lectionibus
683 4936 777 4990 confer
796 4936 1050 4991 Catastcrismorum
1071 4929 1237 5005 Fragmenta
1257 4936 1331 4990 XIX.
