3894 5708
207 332 269 395 142
399 331 537 385 Erimus.

293 514 370 593 Εχει
390 511 424 575 δὲ
440 503 578 595 άστέρας
593 509 647 575 ἐπὶ
662 519 732 576 τῶν

248 624 379 681 κτενῶν
407 613 575 702 ἑκατέρων
602 613 647 697 α’,
680 612 732 700 ἐφ’

248 720 407 810 έκατέρου
432 721 562 810 πήχεως
583 716 731 811 άκροοτη-

247 833 322 917 ρίου
350 824 473 915 ὁμοίως
501 827 545 910 α’,
578 824 631 912 ἐφ’
659 828 731 896 {xu-

221 939 356 1024 5τέροιν
375 931 477 1023 ὤμων
497 934 538 1017 α’,
557 937 612 1003 έπὶ
632 944 732 1023 ζυγοῦ

248 1041 292 1122 α’,
325 1044 380 1110 ἐπὶ
406 1053 469 1110 τοῦ
496 1045 669 1129 πυθμένος
697 1042 731 1109 α’

247 1144 369 1216 λευκὸν
387 1154 442 1216 καὶ
462 1149 626 1237 λαμπρόνΙ
654 1143 732 1229 τούς

247 1254 376 1336 πάντας
398 1256 437 1346 η’.

76 1791 136 1844 XX
141 1791 170 1845 V·
296 1782 402 1869 Οὗτός
421 1791 511 1857 ἐστιν
530 1786 768 1878 ὁκαλούμενος
783 1788 835 1879 ὅρ-

66 1875 143 1934 Isim·

248 2008 376 2091 λέγεται
396 2007 431 2072 δέ
453 2000 515 2073 τὸν
539 2011 598 2073 Δία
622 2000 836 2093 ὁμοιωθέντα

246 2121 296 2199 τῷ
360 2111 435 2199 ζεύῳ
493 2111 604 2199 τούτῳ
663 2116 836 2200 Νεμέσεως

248 2219 445 2308 ἐρεισθῆναι,
492 2221 564 2287 ἐπεὶ
605 2216 687 2309 αὐτὴ
724 2231 836 2288 πᾶσαν

246 2321 356 2413 ἧμειβε
380 2325 524 2415 μορφήν,
548 2329 602 2394 ἵνα
626 2321 687 2416 τὴν
709 2336 835 2415 παρθε-

204 2443 237 2497 15
248 2436 323 2499 νέειν
351 2431 495 2519 φυλάξῃ,
523 2438 581 2501 καὶ
608 2433 685 2502 τότε
713 2434 837 2512 κύκνος

246 2541 394 2626 γέγονεν’
421 2534 512 2608 σύτο)
540 2545 595 2608 καὶ
619 2535 722 2608 ateis
747 2536 836 2628 ὁμοι-

247 2648 383 2713 οιθέντα
416 2658 464 2734 τῷ
493 2644 600 2735 ὀρνέῳ
629 2659 836 2738 καταπτῆναι

247 2747 502 2840 εἰςῬαμνοῦντα
512 2766 568 2844 τῆς
579 2751 732 2843 Ἀττικῆς,
742 2750 840 2822 κάκεῑ

246 2854 308 2948 τὴν
341 2862 484 2947 Νέμεσιν
517 2869 667 2949 φθεῖραι·
708 2856 769 2951 τὴν
802 2864 838 2929 δέ

202 2978 237 3031 20
247 2981 356 3033 τεκεῖν
375 2962 457 3054 ᾠόν,
476 2969 512 3051 ἐξ
529 2960 570 3034 ού
584 2970 837 3054 ε’κκολαφθῆναι

248 3077 304 3140 καὶ
334 3076 493 3160 γενέσθαι
526 3070 588 3163 τὴν
616 3070 760 3164 Ἑλένην,
793 3068 838 3154 ὥς

246 3200 326 3268 φησι
350 3185 514 3268 Κρατῖνος
542 3176 560 3248 ὃ
588 3181 735 3271 ποιητής.
782 3187 838 3249 καὶ

248 3281 302 3353 διὰ
325 3280 364 3354 τὸ
388 3282 431 3376 μὴ
454 3298 762 3378 μεταμορφωθῆναι
782 3285 837 3355 αύ-

246 3391 319 3473 τόν,
345 3388 419 3460 ’ἀλλ’
445 3388 553 3474 ούτοις
582 3391 768 3484 ἀναπτῆναι
792 3397 839 3476 εἰς

202 3511 237 3565 25
247 3493 309 3567 τὸν
329 3495 487 3587 οὐρανόν,
506 3505 559 3568 καὶ
575 3495 637 3568 τὸν
652 3500 762 3569 τύπον
776 3513 838 3569 τοῦ

247 3604 384 3674 Κύκνου
408 3605 532 3697 έθηκεν
551 3609 676 3688 ἐντοῖς
695 3605 836 3696 άστροις.

248 3712 315 3781 ἔστι
337 3716 372 3781 δὲ
391 3713 581 3800 ἱπτάμενος,
601 3713 672 3794 οἶος
690 3715 768 3783 τότε
786 3706 836 3804 ἦν.

238 4245 400 4325 οέκατέρου
416 4255 528 4323 scripsi:
547 4246 669 4309 troianos
685 4252 753 4308 libri.
775 4259 838 4323 post

203 4339 328 4414 πήχεωςε
347 4339 375 4398 α’
398 4345 472 4411 tebit}
491 4345 583 4398 deleri.
655 4364 675 4399 ο.
687 4340 836 4414 ιάκρωτη·

204 4434 265 4503 ρίου
288 4435 400 4501 scripsi:
427 4428 570 4505 άκρωτῆρι
596 4433 664 4488 utri.
702 4429 836 4503 άκράτητι

203 4523 291 4592 culpo.
364 4541 376 4577 ε
396 4517 419 4591 η’
439 4525 550 4590 scripsi:
570 4518 596 4576 θ’
617 4523 685 4576 libri.

238 4629 258 4667 e.
278 4629 303 4665 ιο
322 4605 399 4681 ὅρνις
418 4611 483 4665 add.
502 4611 637 4681 Heynius.
715 4629 740 4669 ιο
758 4608 838 4666 νάπει

202 4718 271 4754 niem
288 4697 320 4754 τὸ
340 4698 440 4765 ritus?
476 4719 501 4756 ει
519 4702 657 4771 Κρατῖνος
671 4702 835 4755 Valckenar-

202 4790 276 4843 rius:
289 4785 400 4860 Κράτης
409 4790 480 4844 libri.
500 4790 534 4854 cs.
546 4791 741 4858 Prolepomenu-
751 4809 778 4859 p.
789 4796 835 4844 22.

865 331 964 385 Senon.
985 335 1073 385 Auru

901 510 1039 562 omittunt.

909 1703 933 1739 v.
953 1687 1013 1739 275.
1038 1703 1063 1755 p.
1085 1688 1126 1749 rc,
1146 1688 1188 1740 ιο.

980 1783 1008 1878 qi
1045 1786 1128 1870 Ζεύς
1165 1793 1207 1857 εἰ-

145 1899 183 1943 ⁰⁵⁴·
206 1910 238 1961 10
248 1923 298 1977 νις
316 1900 424 1984 μέγας,
444 1891 485 1964 ὃν
501 1897 623 1985 Κύκνῳ
639 1898 835 1983 εἰκάζουσιν.
895 1911 926 1963 10
936 1903 1074 1977 κασθεὶς
1089 1894 1206 1986 ὡμίλη-
1263 1901 1368 1966 ferunt
1395 1901 1501 1965 Iovem
1529 1922 1561 1965 se
1589 1905 1699 1964 trans·
1714 1906 1748 1958 10

936 2027 970 2073 σε
996 2060 1001 2072 .
1028 2060 1034 2071 .

1248 331 1348 386 Senon.
1368 329 1461 385 Grex.
1481 330 1533 385 ΒΡ.
1552 348 1579 399 p.
1599 330 1643 393 84,
1665 330 1709 384 15.

1253 511 1359 573 Habet
1378 510 1487 574 stellas
1507 510 1540 572 in
1553 510 1700 593 utrisque

1209 616 1385 700 pectinibus
1408 616 1560 700 singulas,
1588 617 1619 680 in
1645 637 1699 680 ca-

1210 726 1332 788 cumine
1365 745 1515 789 cornuum
1548 723 1700 807 singulas,

1210 833 1242 894 in
1265 833 1381 896 umeris
1404 831 1551 914 singulas,
1575 833 1607 894 in
1626 829 1700 894 fun-

1210 938 1250 1002 do
1278 960 1386 1014 unam,
1413 939 1446 1003 in
1474 940 1567 1004 dorso
1592 960 1699 1003 unam.
1729 946 1747 998 5

1209 1044 1289 1110 fiunt
1312 1045 1396 1110 VIII.

1425 1704 1451 1755 p.
1471 1685 1514 1750 84,
1535 1687 1577 1739 19.

1297 1794 1358 1858 Hic
1367 1801 1415 1858 est
1425 1815 1551 1878 cygnus,
1561 1794 1594 1857 in
1604 1812 1702 1875 quem

1262 2007 1413 2092 figurasse
1458 2013 1490 2071 et
1526 2005 1699 2071 transvoli-

935 2111 1208 2198 Νεμιέσειμκταύ-
1262 2121 1346 2180 tasse
1366 2117 1533 2180 interram
1559 2113 1700 2178 Atticam

934 2246 991 2308 της
1010 2213 1071 2306 γάρ
1089 2214 1208 2308 τὴνἘ-
1262 2222 1462 2286 Rhamnunta
1485 2222 1591 2306 ibique
1614 2241 1701 2285 ccm-

934 2328 1207 2414 λεύιμγενέοθαι.
1263 2331 1413 2411 pressisse
1451 2329 1624 2404 Nemesim,
1663 2336 1702 2392 ut

927 4253 973 4310 Ita
998 4254 1027 4309 V.
1065 4273 1115 4310 ουτ.
1136 4253 1175 4309 M.

1263 2436 1309 2499 ait
1338 2436 1485 2500 Cratinus
1517 2435 1701 2518 tragoedia·
1714 2445 1749 2496 15

1262 2565 1330 2606 rum
1376 2543 1519 2624 scriptor,
1564 2564 1702 2625 eamque

1262 2651 1397 2715 edidisse
1411 2671 1511 2726 ovum,
1525 2651 1608 2713 unde
1620 2656 1701 2713 nata

1262 2759 1303 2822 sit
1318 2758 1446 2822 Helena.
1475 2757 1529 2823 sed
1545 2757 1700 2839 quoniam

1261 2864 1383 2948 Iupiter
1401 2885 1508 2928 rursus
1527 2865 1560 2926 in
1573 2862 1701 2927 caelum

1260 2972 1294 3035 in
1307 2992 1440 3055 cygnum
1453 2968 1701 3053 transfiguratus
1711 2981 1751 3034 20

1261 3099 1294 3142 se
1308 3084 1479 3160 receperat,
1493 3084 1528 3141 ut
1541 3076 1604 3141 init
1616 3098 1699 3160 pen-

1261 3186 1310 3249 nis
1342 3190 1461 3261 tentus‚
1493 3185 1698 3249 simulacrum

1261 3294 1328 3356 eius
1352 3291 1507 3356 sideribus
1530 3291 1669 3374 reliquit.

1296 4277 1306 4312 1
1332 4255 1454 4327 utrisque
1483 4275 1509 4312 ετ
1537 4263 1656 4326 utreque
1679 4257 1748 4315 BP.

1260 4364 1272 4403 s
1292 4363 1420 4401 cornuum
1439 4348 1550 4415 scripsi:
1577 4363 1748 4405 comeatum

1231 4434 1240 4453 '
1260 4437 1294 4489 B.
1315 4451 1491 4491 eornaearum
1502 4436 1533 4489 P.
1553 4436 1702 4493 cordurum
1713 4438 1748 4495 U.

1296 4543 1329 4580 ie.
1349 4543 1374 4581 m
1411 4526 1440 4579 in
1476 4532 1578 4579 terram
1616 4527 1747 4585 Atticum

1260 4615 1436 4669 Rhamnunta
1447 4633 1469 4670 ει
1483 4613 1624 4670 interram
1636 4616 1749 4687 attigur

1261 4704 1389 4758 hamnum
1410 4704 1442 4758 tii
1460 4704 1520 4757 BP.
1567 4705 1748 4776 rescriptor,

1261 4808 1376 4861 eumque
1401 4812 1427 4848 s:
1460 4791 1683 4864 scriptoremque
1709 4798 1747 4852 Β.

1260 4881 1433 4952 scriptorque
1452 4882 1484 4936 P.
1546 4899 1572 4937 ιε
1591 4889 1690 4939 tentus
1709 4886 1747 4940 Β.

1261 4964 1372 5025 meritus
1391 4972 1423 5026 P.
1461 4969 1545 5026 tentis
1563 4975 1589 5043 μ.
