3894 5708
1174 394 1306 449 Haemus
1323 394 1373 459 111,
1391 393 1434 449 42.
1615 396 1677 463 197

943 587 949 599 ·
981 574 1102 653 Quarta
1133 574 1226 640 stella
1257 579 1304 639 est
1331 573 1476 650 Veneris,
1508 575 1634 641 Lucifer

934 683 1073 758 nomine;
1105 704 1199 767 quam
1231 682 1373 747 nonnulli
1405 681 1534 748 Iunonis
1566 704 1633 748 osse

935 790 1091 856 dixerunt.
1120 788 1201 855 hane
1224 790 1355 854 eandem
1379 789 1553 874 Hesperum
1577 792 1633 856 ad-

933 897 1059 981 pellari,
1091 897 1199 961 multis
1226 896 1379 963 traditum
1409 903 1458 962 est
1485 896 1633 963 historiis.

933 1004 986 1069 hie
1013 1010 1117 1069 zeutem
1147 1004 1284 1069 omnium
1314 1004 1452 1069 siderum
1479 1006 1633 1069 maximus
1660 1014 1677 1067 t

934 1133 1001 1177 esse
1033 1113 1165 1176 videtur.
1203 1110 1344 1177 nonnulli
1376 1112 1460 1176 huno
1491 1112 1633 1176 Aurorae

934 1225 965 1283 et
994 1219 1123 1303 Cephali
1155 1217 1255 1282 filium
1287 1219 1447 1296 dixerunt,
1479 1220 1633 1303 pulcritu-

933 1326 1007 1391 dine
1040 1327 1146 1390 1nultis
1179 1332 1398 1410 praestantem.
1437 1349 1475 1391 ex
1507 1348 1570 1411 qua
1598 1348 1632 1391 re

933 1435 1028 1498 otiam
1052 1456 1122 1498 cunr
1143 1434 1265 1499 Venere
1289 1432 1404 1498 dieitur
1428 1438 1632 1511 certassent

932 1541 1028 1605 etiam
1052 1541 1278 1607 Eratosthenes
1305 1540 1382 1606 dicit
1409 1563 1481 1604 oum
1508 1540 1569 1606 hae
1592 1543 1631 1607 de
1643 1551 1676 1604 10

933 1642 1028 1714 eausa
1057 1648 1187 1714 Veneris
1214 1648 1382 1732 adpellari,
1409 1655 1442 1713 et
1469 1651 1630 1713 exoriente

932 1756 997 1822 sole
1016 1763 1048 1820 et
1067 1756 1229 1821 occidente
1247 1755 1360 1830 vidori3
1379 1776 1485 1839 quare,
1503 1760 1539 1818 ut
1557 1761 1631 1819 aute

932 1864 1082 1941 diximus,
1115 1865 1182 1927 iuro
1213 1864 1296 1928 hunno
1328 1868 1361 1927 et
1391 1861 1569 1928 Luciferum
1598 1868 1631 1928 et

933 1971 1106 2054 llosperum
1130 1972 1332 2036 nominatum.

976 2078 1095 2156 Quinta
1121 2078 1212 2143 stella
1240 2084 1288 2143 est
1315 2076 1477 2155 Mercurii,
1504 2078 1629 2142 nomine
1640 2085 1674 2139 15

932 2184 1065 2251 Stilbon.
1093 2185 1148 2251 sod
1176 2185 1254 2250 haee
1281 2190 1330 2249 est
1352 2183 1456 2249 brevis
1481 2189 1513 2248 et
1536 2184 1628 2249 elara.

932 2294 1011 2358 haee
1029 2299 1134 2357 autem
1152 2291 1308 2356 Mercurio
1327 2293 1403 2358 <latu
1421 2291 1629 2368 existimatur,

932 2400 1015 2484 quod
1038 2401 1156 2484 primus
1174 2421 1296 2465 menses
1314 2400 1489 2465 instituerit
1506 2404 1539 2465 ot
1557 2418 1628 2482 per-

931 2508 1047 2572 viderit
1069 2509 1206 2574 siderum
1230 2530 1346 2574 oureus.

964 3362 977 3401 5
996 3345 1040 3397 hie
1061 3375 1092 3383 -
1114 3342 1246 3397 maximus
1262 3343 1318 3397 no
1335 3343 1397 3397 elii:
1417 3344 1486 3398 llaec
1501 3375 1535 3383 -
1551 3343 1671 3397 maxima

928 3434 963 3489 R.
1010 3452 1035 3489 13
1055 3435 1126 3486 hunc
1145 3464 1179 3471 —
1198 3432 1365 3487 nominatum
1386 3433 1441 3487 no
1461 3433 1527 3486 ulii:
1545 3435 1616 3487 hanc
1635 3463 1670 3472 —

929 3522 1095 3578 nominatam
1122 3522 1154 3575 ll.
1300 3539 1326 3577 13
1346 3520 1502 3577 Luciferum
1523 3522 1592 3577 Get
1611 3524 1669 3575 alit

929 3612 1029 3667 hedum
1048 3611 1146 3664 Dana
1167 3611 1253 3665 Eoum
1273 3612 1443 3665 Beroia-nea.
