3894 5708
323 340 368 406 28

323 523 456 589 Aratum
483 525 583 588 instar
610 521 705 586 fuisse
732 539 804 583 mox
831 518 1058 601 intellegemus,
1090 524 1126 582 ut
1152 517 1253 596 illum,
1285 520 1338 603 qui
1366 521 1457 585 Arati
1483 541 1608 587 carmen
1635 521 1741 598 vertit,
1768 521 1854 586 hune

323 652 446 716 quoque
473 629 588 693 librum
612 628 790 711 cognovisse
814 626 941 689 minime
968 626 1144 690 mirandum
1167 626 1216 691 sit.
1263 627 1397 710 denique
1420 629 1570 693 nonnulla
1591 627 1688 694 habet
1707 629 1854 705 Avienus,

322 759 411 821 quae,
434 758 623 819 quamquam
647 736 678 797 in
693 716 932 819 ⁸(latasterismis
955 732 1114 808 extabant,
1137 731 1177 797 ab
1195 733 1320 816 Hygino
1344 737 1458 800 omissa
1479 744 1565 810 suut3
1589 735 1673 800 volut
1692 735 1853 818 Virginem

322 867 342 910 a
365 843 520 910 nonnullis
542 864 600 926 pro
623 841 706 906 Iside
729 839 839 904 haberi
862 839 982 904 indicat
1003 861 1029 902 v.
1053 840 1117 904 282
1141 861 1164 904 s.

652 970 709 1047 uui
731 981 890 1047 Pelusiaci
912 984 1014 1063 inopis
1036 1002 1067 1046 es
1080 982 1150 1046 'dee
1172 982 1288 1047 littoris
1310 984 1384 1062 Isia,

651 1092 751 1174 digua
773 1089 885 1175 coetu)
909 1108 1035 1153 consors
1057 1093 1086 1151 ct
1108 1110 1187 1154 cura
1210 1089 1362 1155 latrantis
1384 1085 1517 1156 Anubis.

322 1237 452 1304 eandem
476 1235 715 1319 explicationem
737 1233 785 1297 vel
808 1233 953 1316 Epitome
976 1231 1021 1295 IX
1044 1204 1187 1307 servavit,
1210 1234 1264 1297 sed
1288 1234 1393 1299 orrrisit
1416 1235 1559 1319 Hyginus
1584 1235 1623 1311 ll,
1649 1235 1698 1300 25.
1736 1235 1851 1300 deinde

322 1346 458 1410 Avienus
481 1366 551 1408 cunr
574 1365 600 1406 v.
624 1342 685 1405 541

842 1429 959 1509 proles,
983 1430 1049 1505 tibi,
1074 1427 1254 1515 Derciu⁵⁶)‚
1271 1430 1376 1511 pisces

672 1540 799 1620 surgent
821 1535 990 1617 Bumbycii

320 1684 450 1760 scribat,
483 1681 634 1756 fabulam,
667 1701 746 1763 quae
776 1680 809 1742 in
838 1679 1067 1744 Catasterismis
1099 1680 1138 1744 de
1165 1679 1298 1744 Derceto
1327 1680 1432 1744 Ctesia
1462 1687 1589 1746 auctore
1621 1687 1750 1747 nemrata
1781 1689 1851 1746 erat

321 1794 361 1878 (v.
381 1792 514 1875 Epitom.
532 1786 723 1873 XXXVIII),
746 1784 910 1869 siguificat,
933 1787 987 1851 sed
1011 1808 1080 1851 cum
1103 1786 1244 1870 Hyginus
1262 1788 1292 1851 II
1311 1789 1351 1852 41
1372 1809 1429 1871 pro
1453 1789 1585 1853 Derceto
1604 1788 1679 1854 Isim
1702 1790 1851 1865 nominet,

321 1899 456 1963 Avienus
477 1917 515 1960 ex
537 1896 613 1978 ipsis
632 1894 861 1958 Catasterismis
879 1893 1018 1958 fabulam
1036 1896 1215 1976 cognoverit
1233 1915 1357 1959 neeesse
1376 1902 1432 1959 est.
1468 1897 1602 1980 denique
1620 1897 1771 1980 Hyginus,
1794 1896 1850 1960 ubi

320 2007 359 2070 de
378 2005 460 2088 Lyra
477 2003 617 2087 loquitur
635 2001 665 2065 Il
686 2001 714 2072 7,
737 2000 1030 2064 Catasterismorum
1048 2002 1221 2066 narrationi
1240 2001 1391 2066 nonnulla
1409 2003 1527 2067 exalia
1546 2008 1672 2067 auctore
1690 2003 1849 2066 admiscet.

319 2117 353 2176 at
368 2132 447 2194 quae
461 2109 598 2174 Avienus
611 2130 638 2172 v.
653 2108 825 2173 618-631
842 2114 959 2184 narrat,
977 2109 1061 2172 eain
1077 2108 1307 2173 Catasterisrnis
1322 2109 1463 2173 extitisse
1478 2110 1582 2174 omnia
1595 2131 1664 2174 cunr
1680 2110 1850 2193 Epitomea

319 2226 387 2283 tum
409 2217 598 2283 scholiorum
620 2215 845 2280 Basileensium
868 2216 1060 2299 comparatio
1088 2215 1186 2280 docet
1232 2216 1344 2298 quodsi
1367 2216 1525 2299 Hyginum
1549 2217 1684 2280 Avienus
1710 2217 1850 2299 exscrip-

319 2326 419 2401 sisset,
441 2324 527 2388 nullo
550 2324 651 2399 modu,
670 2323 790 2405 opinor,
813 2342 850 2386 ea
873 2321 948 2397 sola,
971 2342 1051 2404 quae
1070 2343 1108 2385 ex
1127 2321 1358 2386 Catasterismis
1376 2321 1541 2399 fluxerunt,
1564 2323 1738 2405 delegisset.
1776 2344 1850 2388 uam

319 2454 390 2516 quo,
421 2430 559 2505 obsecre,
589 2430 678 2514 signo
706 2451 743 2493 ea
769 2429 962 2510 distinguere
993 2433 1126 2512 poterat.
1176 2429 1283 2512 itaque
1314 2451 1353 2493 ox
1380 2428 1610 2495 Catasterismis
1642 2452 1711 2494 eum
1744 2431 1850 2494 onmia

318 2541 464 2625 petivisse
487 2558 545 2622 pro
567 2537 739 2603 certissimo
763 2533 872 2600 habeo.
917 2535 1001 2618 quod
1025 2557 1093 2600 cum
1117 2535 1370 2613 intellexerimus,
1393 2537 1432 2600 de
1454 2558 1515 2600 uno
1538 2543 1622 2601 certe
1646 2536 1755 2600 Avieni
1780 2537 1849 2601 loco

318 2647 422 2732 paullo
445 2645 621 2711 accuratius
644 2643 867 2726 disputandum
889 2647 943 2706 est.
979 2663 1053 2706 nam
1075 2642 1128 2706 ille
1151 2665 1176 2706 v.
1196 2642 1371 2716 582-600
1394 2643 1447 2706 ubi
1470 2665 1525 2706 cur
1548 2643 1681 2726 septima
1704 2643 1849 2707 Pliadunr

318 2755 480 2820 obscurior
502 2752 552 2829 sit,
574 2751 715 2834 inquirit,
736 2756 801 2817 tres
820 2770 900 2832 quae
918 2748 1010 2813 huius
1029 2749 1074 2814 rei
1092 2749 1217 2813 adlatae
1237 2754 1327 2814 orant
1346 2770 1454 2814 aausas
1472 2749 1605 2833 profert3
1628 2771 1701 2814 narn
1720 2752 1850 2833 exponit

318 2860 396 2927 alios
414 2880 558 2925 narrasse
577 2879 644 2922 eam
659 2857 806 2921 Orionem
824 2856 941 2940 lugere,
959 2857 1038 2920 alios
1051 2856 1163 2921 Troiae
1181 2857 1309 2921 exitium
1325 2857 1440 2938 lugere,
1457 2856 1536 2922 alios
1550 2857 1684 2940 denique
1697 2856 1849 2940 Meropen

318 2989 385 3033 esse
404 2967 522 3050 pudore
541 2984 730 3048 oppressam,
748 2964 832 3045 quod
851 2964 976 3028 mortali
995 2964 1158 3046 nupsisset.
1195 2986 1328 3047 quarum
1347 2964 1588 3047 explicationum
1607 2965 1704 3029 tertia
1721 2965 1752 3029 in
1771 2965 1849 3048 Epi·

317 3081 402 3141 tome
425 3072 532 3138 XXIII
555 3078 678 3137 servata
701 3075 761 3147 est,
781 3072 904 3153 priores
927 3071 1004 3134 duas
1027 3072 1060 3134 in
1083 3069 1314 3135 Catasterismis
1338 3072 1479 3136 extitisse
1502 3093 1540 3135 ex
1563 3071 1689 3136 scholiis
1712 3070 1849 3153 Sangar-

317 3179 517 3246 marrensibus
536 3184 568 3244 et
586 3178 702 3261 Hygini
723 3177 903 3260 Astrologia
920 3199 1016 3261 supra
1034 3178 1165 3242 ostendi.
1202 3184 1295 3262 atque
1314 3177 1447 3243 observa
1464 3200 1558 3262 quam
1577 3185 1721 3248 accurate
1736 3178 1848 3243 Avieni

317 3310 424 3353 versus
451 3284 625 3352 oso-597
654 3284 792 3348 cumeis
821 3290 1006 3368 congruant,
1033 3305 1112 3368 quae
1140 3284 1281 3369 Hyginus
1309 3292 1341 3350 et
1368 3286 1407 3349 de
1435 3285 1562 3351 Electra
1592 3293 1624 3350 et
1651 3286 1690 3349 de
1717 3286 1848 3350 cometis

318 3402 426 3461 narrat
448 3395 537 3459 1121
563 3415 593 3475 p.
613 3392 664 3468 63,
683 3391 725 3455 22
744 3429 784 3439 -
806 3392 857 3469 64,
875 3393 905 3455 4.
950 3398 984 3456 at
1006 3392 1126 3473 primae
1149 3392 1363 3476 explicationis
1386 3398 1496 3457 auctor
1518 3392 1558 3456 ab
1577 3392 1695 3457 Avieno
1717 3399 1848 3458 vocatur

317 3502 454 3566 Minthes
478 3523 504 3565 v.
527 3500 593 3564 582
616 3521 639 3563 s.

837 3588 922 3653 carrd
943 3608 998 3652 see
1019 3588 1106 3653 solas
1128 3589 1267 3653 carmide
1288 3588 1429 3654 Minthes

679 3695 807 3774 adserit,
832 3695 993 3760 Electrum
1015 3696 1101 3760 ecclc
1124 3696 1303 3761 abseesasse
1319 3697 1485 3777 profundo

679 3803 715 3868 ob
737 3803 944 3884 forrnidutum
966 3807 1116 3867 meamet
1133 3804 1230 3884 prius
1255 3803 1384 3868 Orione.

317 3949 380 4014 iaur
411 3970 481 4013 cum
508 3947 564 4012 hos
592 3968 698 4011 versus
726 3967 764 4010 ex
792 3945 1021 4010 Catasterismis
1049 3967 1210 4029 expressos
1239 3968 1305 4011 esse
1332 3952 1465 4023 coustet,
1497 3946 1583 4010 illinc
1610 3945 1741 4013 Minthis
1768 3971 1846 4032 quo-
1900 4026 1901 4031 γ

316 4078 376 4140 que
404 4077 515 4119 nomen
542 4055 676 4137 petitum
704 4075 784 4129 esse,
811 4059 847 4115 ut
872 4059 946 4117 aute
973 4053 1157 4136 Panyasidis
1185 4076 1211 4118 v.
1242 4053 1317 4130 175,
1344 4054 1517 4118 necessario
1545 4055 1766 4120 conoludImus.
1812 4058 1845 4121 iu

316 4163 548 4228 Catiusterismis
574 4160 671 4243 igitur·
697 4160 775 4225 haec
801 4158 908 4223 fabula
934 4180 972 4223 ex
999 4159 1122 4224 Minthe
1148 4168 1278 4225 narrata
1305 4168 1384 4237 erat,
1411 4181 1502 4242 quern
1530 4160 1714 4227 aSminthe
1742 4164 1844 4229 diver·-

316 4293 384 4336 sum
415 4291 477 4334 non
509 4289 576 4333 esse
607 4268 670 4332 iam
697 4268 816 4332 dudum
843 4266 1036 4331 intellectum
1063 4273 1119 4332 est.
1169 4267 1373 4352 Sminthisf'l)
1400 4254 1473 4332 iura
1499 4289 1574 4332 ame
1600 4292 1637 4332 ric
1663 4292 1762 4353 paene
1789 4272 1846 4336 ob·

316 4378 458 4443 litterata
480 4374 644 4452 memoria3
667 4375 700 4438 in
722 4373 865 4457 catalogo
888 4370 1094 4457 interpretum
1117 4374 1217 4451 Arati,
1240 4396 1331 4459 quom
1354 4396 1392 4439 ox
1415 4374 1496 4438 libro
1517 4375 1667 4441 Vaticano
1687 4377 1846 4443 Victorius

315 4485 429 4560 edidit,
456 4483 510 4548 ille
537 4504 660 4566 quoque
682 4488 955 4556 commemoratum
982 4490 1016 4547 at
1042 4482 1107 4547 illio
1129 4504 1191 4547 non
1214 4489 1279 4547 tam
1306 4483 1502 4565 interpretes,
1530 4505 1623 4566 quam
1647 4505 1708 4560 eos,
1735 4487 1845 4567 quiin

315 4591 538 4656 commentario
562 4591 593 4653 iu
618 4590 749 4653 Aratum
771 4592 947 4671 omiseripto
970 4590 1122 4654 nominati
1146 4596 1250 4665 erant,
1273 4590 1441 4671 scriptores
1464 4592 1639 4655 enumerari
1664 4592 1726 4655 iarn
1750 4613 1846 4675 supra

315 4718 413 4727 ...ῃ-ἡ
430 4719 484 4726 .-.-
509 4720 514 4725 .

402 4769 436 4833 ⁶⁴)
455 4769 509 4822 ccli
525 4766 661 4823 Schrader
678 4767 736 4834 poli
754 4765 825 4820 libri.

403 4857 436 4918 Μ)
456 4856 642 4912 Dubitandum
660 4874 715 4910 nou
734 4865 783 4921 est,
804 4855 869 4924 quin
888 4854 928 4911 ite
946 4855 1056 4912 Grotius
1075 4865 1150 4912 recte
1169 4873 1217 4926 pro
1237 4872 1277 4922 eo,
1298 4857 1368 4926 qnod
1387 4854 1451 4910 libri
1466 4855 1576 4923 habent,
1596 4861 1680 4913 tertie
1694 4860 1853 4938 scripserit.x

403 4947 436 5019 ⁶⁰)
455 4948 495 5004 CI.
514 4948 668 5004 Volkmann
687 4948 722 5002 de
740 4948 841 5004 Suidae
861 4947 1045 5017 biographicis
1064 4948 1092 5002 in
1111 4949 1238 5020 Symbola
1256 4948 1455 5018 philologorum
1473 4949 1656 5004 Borrnousium
1675 4967 1701 5020 p.
1721 4950 1779 5006 722.
