3894 5708
217 389 279 455 194
435 388 574 446 Ermnrrn.
877 388 977 446 Senon.
998 393 1086 446 Arar.
1222 389 1322 445 Senot.
1341 389 1436 446 Gaura
1455 388 1507 445 BP.
1527 408 1554 461 p.
1574 390 1633 456 102,
1656 389 1698 446 10.

83 566 196 621 XLIII
305 571 387 655 Περὶ
414 577 485 635 τῶν
512 570 614 635 πέντε
647 562 798 655 ἀστέρων
914 570 1052 624 omarum.

60 656 209 724 HWVW‘·
259 684 330 740 τῶν
362 676 582 760 καλουμένων
610 680 798 765 Πλανητῶν

1215 571 1261 634 Dc
1277 571 1414 654 quinque
1428 571 1536 645 stellis,
1551 592 1628 656 quas
1638 571 1712 654 pla-

1170 683 1259 741 netas
1271 682 1382 743 vocant
1391 676 1432 742 ob
1442 678 1592 743 adsiduos
1601 699 1713 743 earum

260 775 314 848 διὰ
350 775 390 849 τὸ
423 785 554 870 κίνησιν
591 781 676 869 ἔχειν
708 783 796 849 ἰδέαν

260 882 390 968 αὐτούς.
433 891 587 975 λέγονται
624 892 660 957 δὲ
703 898 796 958 θεῶν

233 995 345 1064 telvm
389 998 500 1064 πέντε.
551 1007 691 1084 πρῶτον
735 998 796 1082 μέν

260 1101 344 1184 Διός,
373 1107 553 1188 Φαίνοντα,
576 1106 688 1191 μέγαν.

300 2168 335 2240 Ὁ
359 2177 394 2241 δὲ
419 2171 572 2261 δεύτερος
591 2173 718 2263 ἐκλήθη
735 2175 796 2260 μέν

263 2283 420 2362 Φαέθων,
445 2275 486 2348 οὐ
503 2282 609 2366 μέγας.
640 2272 739 2359 οὗτος
764 2274 796 2347 d'

260 2383 446 2476 ὠνομάσθη
488 2381 556 2454 άπὸ
593 2397 654 2453 τοῦ
686 2381 796 2453 ‘Illinc

260 2495 344 2563 υἱοῦ.

300 3025 334 3096 Ὁ
355 3033 390 3097 δὲ
409 3032 520 3117 τρίτος
539 3024 663 3117 Ἄρεως.
688 3026 797 3115 Παρό-

215 3148 306 3215 ἳόεις
326 3139 361 3204 δὲ
379 3143 541 3203 καλεῖται·
566 3130 607 3204 οὗ
625 3137 734 3222 μέγας,
757 3129 797 3201 τὸ

258 3253 374 3331 χρῶμα
384 3235 500 3330 ὅμοιος
513 3252 562 3330 τῷ
578 3244 614 3309 ἐν
628 3251 678 3328 τῷ
690 3236 795 3328 ilerd).

250 4275 263 4314 4
299 4257 329 4312 δὲ
367 4258 453 4312 delere
492 4257 552 4311 nult
586 4258 795 4327 Bcradcrdmcs.

214 4363 240 4403 16
259 4345 289 4401 δὲ
309 4353 333 4402 et
352 4363 377 4402 rt
396 4342 423 4401 δ’
443 4346 549 4401 addidi.
630 4363 656 4401 να
677 4342 797 4416 Πνρόεις

214 4434 411 4504 Kopaicrsius:
431 4429 587 4507 Ποροειόὴς
606 4435 676 4490 luri.

1169 791 1281 849 matus.
1309 786 1447 869 quinqua
1473 784 1540 849 deis
1562 785 1712 868 adsigna·

1169 897 1290 955 verunt.
1322 893 1362 955 de
1389 890 1440 956 his
1466 891 1585 974 primus
1609 890 1713 956 Phae-

1170 1020 1241 1075 non,
1255 1018 1347 1081 quem
1362 998 1546 1064 Heraclides
1561 998 1714 1064 Ponticus
1743 1009 1762 1061 5

1168 1105 1268 1171 refert
1298 1095 1319 1169 a
1350 1104 1537 1170 Prometheo
1564 1106 1713 1189 pulcher-

1169 1215 1283 1276 rimum
1302 1210 1410 1276 fictum
1427 1211 1593 1279 hominem.
1615 1235 1714 1296 quem

1170 1341 1240 1384 cum
1259 1319 1424 1403 occulisset
1443 1326 1475 1384 et
1495 1318 1616 1403 Cupido
1638 1342 1714 1384 eum

1169 1426 1235 1493 Iovi
1259 1427 1442 1502 indicasset,
1466 1427 1552 1492 misit
1573 1427 1601 1491 is
1624 1426 1712 1491 Mer-

1170 1533 1300 1611 cmium‚
1323 1535 1377 1618 qui
1399 1555 1470 1598 eum
1488 1540 1650 1618 tamquam
1669 1534 1714 1598 ad
1726 1543 1762 1596 10

1170 1641 1440 1706 immortalitatem
1480 1648 1613 1706 vocaret.
1654 1642 1714 1724 qui

1169 1769 1232 1812 non
1245 1752 1321 1812 ante
1335 1747 1456 1825 adnuit,
1471 1769 1565 1832 quam
1578 1749 1713 1832 potione

1169 1860 1300 1938 accepta
1326 1854 1413 1920 caelo
1440 1860 1586 1939 receptus
1609 1854 1713 1920 hono-

1170 1966 1257 2027 ratus
1298 1967 1355 2026 cst.
1404 1961 1487 2028 Iovis
1528 1968 1576 2028 est
1616 1961 1714 2026 stella

1169 2067 1328 2132 Phaenon.
1724 2078 1760 2131 15

1215 2174 1376 2240 Secundus
1386 2174 1562 2251 Phaethon,
1572 2175 1626 2260 qui
1636 2196 1712 2258 cog-

1169 2282 1348 2347 nominatus
1391 2282 1508 2347 dicitur
1548 2282 1589 2346 ab
1626 2281 1712 2347 Solis

1170 2387 1235 2453 filia
1249 2387 1457 2453 Phaethonte.
1479 2394 1551 2473 post
1568 2389 1714 2454 fulminis

1169 2496 1266 2560 ictum
1303 2495 1389 2560 caelo
1425 2503 1577 2580 receptus.
1627 2496 1714 2561 hanc

1169 2602 1293 2667 stellam
1329 2603 1457 2687 quidam
1494 2603 1623 2669 Saturni
1661 2603 1761 2668 di-20

1169 2715 1251 2774 cunt.

1213 3032 1355 3097 Tertium
1383 3031 1470 3096 sidus
1498 3031 1624 3108 Martis,
1655 3034 1711 3116 qui

1169 3138 1279 3222 Pyrois
1292 3144 1431 3214 vocatur,
1446 3159 1510 3202 non
1527 3139 1713 3216 maximum,
1723 3149 1762 3204 25

1168 3247 1296 3328 igneum
1332 3243 1444 3308 colore.
1488 3246 1542 3327 qui
1577 3250 1715 3328 putatur

1168 3353 1258 3417 iuxta
1285 3351 1440 3416 Venerem
1472 3351 1551 3416 situs
1582 3351 1644 3417 hac
1672 3375 1714 3418 ex

1168 3480 1274 3524 causa:
1297 3458 1424 3541 petisse,
1447 3457 1531 3541 quod
1554 3457 1713 3524 Venerem

1170 3566 1327 3631 Vulcanus
1380 3562 1513 3628 haberet
1569 3586 1714 3643 uxorem,

1168 3672 1235 3756 ipse
1280 3671 1320 3736 de
1361 3669 1518 3736 sideribus
1559 3672 1589 3735 ei
1626 3679 1764 3738 esset30

1168 3779 1300 3844 iunctus.
1329 3777 1441 3862 Pyrois
1468 3777 1586 3842 dicitur
1608 3799 1630 3842 a
1654 3801 1715 3844 suo

1169 3884 1292 3950 feruore
1315 3889 1349 3950 et
1371 3883 1542 3950 celeritate.

1203 4275 1215 4314 1
1244 4272 1312 4327 quas
1340 4257 1561 4313 Scdcabacdiua:
1593 4273 1668 4326 quae
1697 4261 1762 4316 BP.

1168 4365 1181 4402 a
1199 4348 1340 4402 adsiduos:
1364 4348 1429 4418 lead
1446 4343 1537 4402 ἀιδίαν
1550 4362 1606 4415 pro
1621 4344 1708 4413 ἰδέαν,
1729 4358 1764 4405 ut

1167 4443 1257 4491 monet
1280 4436 1514 4492 Wdamowdziuc.
1614 4438 1713 4493 edeis
1734 4458 1763 4494 r:

1167 4525 1226 4581 dies
1240 4526 1301 4581 BP.
1342 4544 1356 4583 s
1374 4529 1408 4582 de
1426 4525 1470 4580 his
1488 4525 1595 4594 primus
1614 4526 1763 4595 Phaenea,

216 4630 294 4682 quem
316 4614 536 4682 Sclmabachius,
560 4615 617 4669 nisi
634 4614 709 4682 qaod
727 4613 817 4684 prima
835 4615 946 4683 scripsit
964 4620 989 4669 et
1003 4621 1069 4684 poet
1086 4615 1215 4671 Phaenon
1235 4615 1348 4670 addidit
1365 4615 1478 4670 dicitur:
1502 4614 1537 4670 de
1555 4614 1599 4670 his
1619 4615 1676 4672 hae
1694 4635 1763 4685 non,

215 4719 285 4771 quae
304 4704 363 4757 BP.
410 4704 543 4760 aaadd.
559 4694 774 4758 Scdaubacdius.
826 4720 919 4760 aeum
938 4703 996 4757 Iovi
1014 4708 1044 4775 βε
1065 4704 1194 4758 etuitivut
1211 4704 1271 4759 BP.
1318 4704 1373 4762 ais
1392 4704 1457 4758 add.
1476 4707 1503 4776 β.
1548 4720 1575 4760 26
1592 4703 1710 4773 igneum
1729 4711 1765 4778 βε

215 4792 303 4860 ignem
324 4793 383 4846 BP.
479 4810 505 4849 aa
524 4800 589 4848 arde
607 4793 758 4848 Vulcanus:
778 4793 837 4862 ipse
856 4792 916 4846 BP.
936 4793 980 4846 dcl
1003 4791 1229 4848 Wdcmowitziua
1247 4793 1421 4863 corruptelae
1439 4793 1516 4847 missi
1534 4793 1764 4850 mandationem

962 4900 988 4938 ao
1008 4882 1067 4951 ipse
1086 4880 1284 4951 Kieaaliacias:
1302 4882 1379 4938 missi
1396 4882 1457 4937 BP.
1548 4899 1575 4938 aa
1594 4884 1762 4941 celeritate:

214 4881 288 4949 falso
306 4883 365 4937 loco
384 4884 415 4935 ia
433 4888 537 4936 textum
555 4889 692 4950 receptam
711 4899 765 4936 case
783 4888 872 4936 ratae.

214 4971 308 5025 malim
327 4972 425 5027 colore.
