3894 5708
305 387 406 439 Senon.
425 386 518 439 Gran.
537 384 569 440 G.
588 403 614 454 p.
635 384 694 450 149,
715 388 755 440 15.
1198 386 1328 439 Hrenms
1347 385 1382 449 ll,
1401 387 1443 439 21.
1630 386 1693 451 135

248 561 327 629 Sunt
355 564 416 629 Vll
443 564 565 641 stellae,
597 587 728 648 quarum
756 567 897 649 septima,
996 567 1063 631 Hae
1081 571 1187 630 autem
1205 585 1334 629 numero
1353 569 1472 648 septem
1490 565 1647 641 dicuntur,
1710 562 1826 616 ΧΧΙΠ

203 675 239 735 ut
258 672 305 735 att
322 672 455 751 Aratus,
476 673 527 736 vix
545 673 662 738 intueri
679 680 784 758 potest
785 723 896 737 .....
951 675 1007 739 sed
1035 694 1125 738 nemo
1152 672 1286 756 amplius
1314 693 1369 736 sex
1395 678 1500 755 potest
1526 673 1646 743 vidore3
1708 653 1828 708 ΗΜ

202 778 345 841 nonnulli
369 800 442 845 vero
461 781 610 865 Meropen
634 802 701 846 esse
723 787 898 857 autumant,
952 784 1040 846 cuius
1071 802 1166 846 causo
1197 781 1341 862 proditur
1372 779 1464 855 haec,
1496 781 1580 862 quod
1609 780 1647 844 de

203 906 283 969 quae
311 894 410 968 nupta
436 909 456 951 a
483 889 619 971 quodam
646 889 713 954 viro
736 890 898 953 nominata
952 896 1071 971 septem
1100 910 1154 953 sex
1181 909 1251 951 cum
1279 885 1509 952 immortalibus
1536 908 1649 951 concu-

176 994 245 1057 usit
267 991 488 1076 Hippodamia.
952 995 1088 1071 buerint,
1107 1001 1171 1058 tres
1189 1016 1260 1058 eum
1279 994 1360 1069 love,
1379 995 1459 1058 duae
1479 1017 1549 1059 cum
1563 994 1647 1078 Nep
1675 1005 1692 1056 5

953 1112 1043 1178 tunc,
1070 1124 1134 1166 una
1161 1123 1231 1165 cum
1255 1100 1371 1179 Marte,
1399 1101 1520 1185 reliqua
1542 1109 1648 1166 autem

953 1208 1079 1293 Sisyphi
1094 1208 1189 1271 fuisse
1204 1229 1282 1271 uror
1297 1208 1537 1285 demonstratur.
1570 1229 1648 1290 qua·

951 1340 1020 1381 rum
1045 1338 1083 1380 ex
1102 1314 1229 1379 Electra
1250 1320 1283 1378 et
1302 1314 1375 1379 Iove
1393 1316 1586 1391 Dardanum,
1609 1338 1647 1379 ex

951 1424 1036 1487 Maia
1055 1421 1254 1497 Mercurium,
1277 1443 1316 1485 ox
1334 1422 1472 1506 Taygete
1493 1422 1646 1486 lacedae-

951 1552 1044 1595 mone
1070 1534 1282 1612 procreatum,
1310 1550 1348 1592 ex
1377 1529 1512 1612 Alcyone
1539 1535 1646 1593 autem
1658 1539 1691 1591 10

951 1645 983 1701 et
1006 1635 1151 1718 Neptuno
1171 1634 1297 1718 llyriea,
1320 1658 1357 1699 ex
1377 1635 1511 1701 Celaeno
1530 1636 1648 1720 Lycum

950 1750 978 1808 et
1000 1744 1122 1825 Nyctea
1150 1748 1267 1806 uatum.
1313 1743 1448 1807 Martem
1475 1750 1581 1807 autem
1609 1764 1647 1807 ex

950 1851 1082 1932 Sterope
1111 1850 1301 1914 Oenomaum
1328 1871 1522 1933 procreasse,
1550 1871 1646 1932 priam

950 1959 1011 2021 cti-t
1040 1957 1190 2022 Oenomai
1217 1977 1345 2021 ecco-rem
1373 1957 1531 2021 dicerunt.
1579 1957 1646 2022 Me·

949 2086 1046 2148 repen
1065 2069 1171 2129 autem
1191 2062 1325 2147 Sisypho
1344 2071 1474 2147 nuptam
1494 2065 1645 2130 Glaucum
1657 2074 1690 2128 15

950 2173 1092 2256 genuisse
1103 2192 1194 2254 quem
1208 2171 1383 2250 conpedes
1391 2170 1646 2252 Bellerophon-tis

943 2284 1071 2360 putrem
1098 2297 1162 2343 case
1189 2278 1347 2341 timerent.
1395 2300 1492 2362 quare
1514 2283 1646 2361 propter

949 2385 1086 2469 reliquas
1111 2385 1177 2450 eius
1199 2405 1322 2449 sorores
1347 2384 1431 2449 inter
1449 2385 1554 2450 sidera
1572 2406 1645 2450 con-

949 2493 1106 2569 stitutum,
1138 2491 1194 2556 sed
1229 2493 1313 2573 quod
1347 2492 1466 2557 homini
1493 2494 1645 2576 nupserit,

949 2600 1072 2665 stellam
1095 2601 1162 2665 eius
1185 2620 1252 2665 osse
1275 2598 1480 2664 obscuratam.
1655 2608 1690 2662 20

192 3078 213 3116 a.
233 3076 246 3116 5
265 3061 404 3116 nominata
422 3061 459 3114 sit
477 3061 674 3132 Hippodamia:
703 3062 841 3117 nominata
861 3063 897 3116 sit
1004 3062 1070 3115 XXI
1099 3061 1284 3115 Tusrmoum.
1323 3060 1399 3115 Sere.
1420 3060 1516 3129 Geety.
1537 3060 1634 3115 1138.

151 3150 303 3222 ypodcmia
315 3151 347 3204 G.
365 3168 455 3205 cerm
464 3168 499 3204 ne
508 3152 619 3222 Sisyphi
627 3168 726 3205 nornen
737 3158 897 3219 corruptum
986 3170 996 3206 1
1017 3157 1124 3220 septem
1142 3181 1177 3189 -
1195 3167 1207 3205 s
1226 3166 1305 3204 nemo
1324 3165 1374 3203 orn.
1399 3149 1429 3203 V.
1525 3167 1551 3204 re
1568 3150 1688 3219 Nyctea:

152 3241 191 3294 ab
215 3239 412 3307 interpolatore
434 3240 505 3293 etate
529 3241 606 3293 docto
626 3242 666 3294 ita
686 3247 835 3294 correctam
853 3242 895 3294 sit.
950 3240 985 3306 cf.
1003 3241 1061 3307 sad.
1080 3244 1140 3293 157.
1213 3258 1239 3294 se
1258 3255 1318 3294 esec
1337 3238 1438 3292 addidi
1455 3254 1489 3292 eu:
1513 3238 1541 3292 V.

152 3336 228 3384 certe
245 3346 303 3383 nou
321 3346 354 3382 ec
371 3328 479 3397 praecia
499 3329 582 3382 verbis
594 3329 668 3395 sulse
687 3329 802 3383 redditis
821 3346 898 3383 error

151 3424 243 3473 natus
265 3424 315 3487 est,
338 3417 386 3471 ced
408 3417 500 3471 latina
522 3418 603 3471 cerba
627 3418 812 3486 corruptelam
831 3436 894 3472 con·

152 3512 320 3574 traxerunt5
341 3507 406 3560 tutet
425 3505 533 3560 nominc
553 3506 668 3576 Sisypho
688 3508 728 3560 ret
747 3508 802 3560 tute
821 3507 896 3574 quid.

153 3597 190 3662 cf.
211 3597 331 3649 nominis
352 3601 504 3649 tremerem
526 3598 557 3650 in
579 3597 638 3650 ΒΡ.
659 3615 731 3665 price
754 3598 784 3650 in
809 3596 835 3649 G
857 3613 896 3649 ae-

153 3692 262 3740 crmtur
277 3686 357 3739 rerba
371 3691 433 3739 suut
448 3685 520 3739 enim
541 3717 572 3725 —
593 3686 775 3754 navigationis
790 3693 897 3754 tempus

153 3776 316 3839 ostendunt,
342 3774 503 3828 (terruantcr'
523 3791 617 3829 cereus
635 3778 786 3829 eet-269
805 3775 895 3843 expri-

152 3870 245 3919 ruunt.
