3894 5708
202 354 267 420 234

201 541 354 617 quantum
377 533 609 600 Alexandrinae
633 535 747 601 aetatis
774 533 968 599 fabulatores
991 534 1139 616 epistolas
1162 534 1333 598 amatorias
1355 533 1389 597 in
1412 531 1532 596 deliciis
1558 530 1741 607 habuerint,

201 645 352 708 concedes
375 645 493 725 optime
516 640 584 707 fieri
607 643 756 725 potuisse,
779 646 816 706 ut
838 639 1010 710 Andriscus
1034 640 1082 705 vel
1105 641 1247 725 quisquis
1269 640 1331 705 fuit
1350 640 1540 722 Diognetum
1558 638 1741 721 Polycritae

201 749 405 833 cupiditatem
428 770 516 813 suam
540 749 674 832 epistola
696 749 773 815 data
794 748 947 813 fatentem
965 769 1063 833 eaque
1082 749 1244 813 occasione
1262 746 1371 812 oblata
1388 745 1528 810 fabulam
1546 745 1634 809 illam
1652 765 1740 809 com-

200 861 425 921 memorantem
445 855 571 933 laceret,
594 856 737 939 Hyginus
760 862 865 921 autern
888 855 1090 938 Diognetum,
1114 876 1207 938 quem
1230 854 1262 920 in
1286 855 1460 920 enchiridio
1483 854 1589 936 aliquo
1612 852 1740 936 mytho-

200 962 300 1046 logice
323 964 502 1041 iuvenisset,
525 985 582 1048 pro
606 960 768 1046 scriptore,
790 984 852 1028 non
875 984 933 1045 pro
956 961 1083 1027 fabulae
1105 982 1248 1045 persona,
1270 961 1410 1027 haberet.

288 1069 358 1134 Non
382 1091 432 1134 me
454 1071 537 1154 fugit
559 1070 640 1134 hanc
664 1070 909 1153 disputationem
931 1077 999 1135 tum
1018 1070 1143 1135 demum
1161 1069 1339 1134 absolutum
1356 1069 1406 1147 iri,
1424 1089 1495 1133 cum
1514 1066 1624 1132 eodem
1641 1066 1742 1132 modo

198 1177 232 1240 in
259 1184 435 1243 ceterorum
461 1177 615 1243 librorum
642 1177 744 1242 fontes
777 1176 999 1261 inquisiverim.
1048 1177 1103 1242 sed
1135 1176 1196 1241 hoc
1223 1197 1335 1241 munus
1361 1196 1445 1239 nunc
1472 1174 1599 1258 quidem
1626 1174 1662 1237 in
1689 1193 1744 1237 me

198 1283 337 1367 recipere
364 1305 428 1348 uon
456 1306 589 1369 possum.
626 1285 741 1368 pusillo
769 1290 873 1349 tamen
901 1286 1037 1367 quodam
1064 1285 1191 1349 invento
1219 1284 1352 1349 lectores
1379 1282 1527 1347 fraudare
1553 1282 1634 1347 nolo.
1674 1280 1743 1345 Eu-

199 1391 314 1455 doxum
337 1397 462 1457 secutus
486 1393 601 1456 Aratus
625 1391 703 1456 dicit
725 1392 765 1457 de
790 1390 1002 1456 Geniculario:

604 1556 631 1598 v.
655 1534 696 1598 69
724 1571 762 1580 -
787 1532 897 1618 μέσσῳ
922 1525 955 1599 δ’
979 1529 1150 1619 ἐφύπερθε
1175 1529 1311 1620 καρήυῳ

519 1641 687 1726 δεξιτεροῦ
709 1631 815 1718 ποδὸς
839 1633 944 1722 ἄκρον
968 1636 1032 1724 ἔχει
1056 1645 1205 1706 σκολιοῖο
1230 1636 1428 1726 Δράκοντος.

199 1782 254 1846 sed
282 1781 404 1847 fallitur
426 1782 589 1860 Eudoxus,
617 1805 689 1848 nam
717 1784 859 1860 sinistro,
887 1805 949 1850 non
972 1785 1096 1860 dextro,
1119 1784 1199 1868 pede
1224 1783 1441 1849 Genicularius
1464 1790 1559 1867 caput
1581 1782 1744 1847 Draconis

198 1890 320 1973 premit
343 1911 369 1953 v.
388 1890 560 1974 Hipparch.
578 1914 607 1974 p.
628 1892 681 1956 2s.
702 1890 898 1975 (Victorius.)
926 1891 1152 1957 Eratosthenes
1171 1897 1262 1956 caute
1281 1890 1420 1975 scripsit:
1445 1881 1463 1956 ὃ
1484 1882 1517 1954 d’
1533 1888 1744 1975 ἐπιβεβηκσς

199 1988 291 2082 αὐτῷ
323 1988 486 2074 τεθεικώς
517 1989 557 2063 τὸ
591 1995 627 2062 ἓν
658 1993 757 2083 γόνυ,
788 2005 837 2083 τῷ
870 1990 903 2063 δ’
936 1993 1038 2084 ἑτέρῳ
1070 1999 1153 2063 ποδὶ
1185 1996 1240 2063 ἐπὶ
1273 1989 1334 2084 τὴν
1362 1988 1513 2084 κεφαλὴν
1542 1995 1740 2078 ἐπιβαίνων.

199 2104 325 2170 Attalus
347 2103 497 2182 Rhodius,
520 2110 556 2170 ut
579 2107 712 2171 Aratum
736 2105 776 2170 ab
801 2106 917 2171 erroris
940 2106 1068 2171 crimine
1091 2110 1244 2183 tueretur,
1267 2104 1363 2169 scribi
1386 2105 1492 2169 iussit:

752 2247 876 2332 μέσσου
901 2239 933 2312 d’
957 2243 1131 2333 ἐφύπερθε
1154 2243 1304 2334 καρήνου

410 2355 580 2440 δεξιτεροῦ
600 2347 708 2432 ποδὸς
732 2349 837 2440 ἄκρον
861 2351 925 2438 ἔχει
949 2360 1098 2420 σκολιοῖο
1122 2350 1320 2441 Δράκοντος.

196 2521 223 2563 v.
251 2496 346 2562 schol.
374 2497 462 2561 Arat.
491 2498 532 2562 69
561 2521 589 2582 p.
613 2497 671 2574 58,
689 2498 740 2563 29.
778 2497 950 2582 Hipparch.
978 2521 1006 2582 p.
1032 2498 1060 2562 7.
1091 2497 1175 2562 hanc
1200 2504 1306 2562 autem
1334 2498 1375 2562 ad
1404 2496 1570 2563 lectionem
1596 2496 1738 2578 respexit

196 2604 352 2689 Hyginus,
380 2625 570 2688 quamquam
597 2606 779 2687 ceteroquin
807 2603 1049 2669 Eratosthenem
1078 2611 1202 2669 secutus
1225 2610 1282 2669 est.
1311 2603 1342 2668 Π
1366 2604 1386 2667 6
1409 2627 1439 2687 p.
1462 2605 1515 2680 41,
1542 2602 1581 2666 13
1605 2602 1737 2667 sinistro

191 2711 273 2792 pede
294 2712 411 2793 cepitis
433 2712 500 2776 eins
523 2713 669 2777 dextram
690 2716 815 2793 portent
838 2713 1013 2792 opprimere
1035 2715 1177 2777 certator.
1210 2712 1318 2794 itaque
1341 2717 1398 2775 aut
1416 2711 1560 2775 Attalum
1576 2708 1737 2773 Rhodium

196 2818 308 2902 legerit
330 2825 387 2883 aut
404 2804 489 2883 illius
508 2821 719 2885 coniecturam
743 2821 775 2883 in
794 2820 935 2903 exemplo
955 2841 1011 2885 suo
1030 2818 1186 2884 invenerit
1203 2839 1330 2884 necesse
1349 2824 1405 2884 est.
1434 2819 1564 2882 eandem
1584 2818 1738 2901 agnoscit,

196 2925 253 2992 sed
275 2925 369 2990 aliter
392 2927 618 3010 interpretatur
641 2926 811 2992 scholiasta
833 2928 874 2991 ad
898 2928 985 2991 Arat
1008 2949 1035 2991 v.
1059 2927 1100 2991 69
1124 2948 1153 3011 p.
1177 2926 1231 3003 58,
1250 2925 1302 2992 30.

285 3033 333 3096 De
356 3032 548 3097 Fabularum
574 3032 655 3097 libro
683 3033 778 3098 latius
803 3055 896 3116 agere
920 3035 980 3100 etsi
1008 3033 1048 3098 ab
1076 3033 1170 3098 huius
1198 3033 1421 3116 disputationis
1445 3032 1575 3097 consilio
1599 3031 1739 3095 alienum

196 3139 248 3216 sit,
269 3161 366 3204 unum
388 3146 495 3204 tamen
519 3147 578 3217 est,
606 3141 691 3224 quod
719 3141 844 3206 silentio
871 3143 1125 3225 praetermittere
1148 3140 1252 3205 nolim.
1280 3161 1353 3205 nam
1376 3162 1447 3204 cum
1470 3139 1614 3223 Hyginus
1636 3137 1670 3202 11
1696 3139 1738 3203 12

196 3268 225 3330 p.
248 3245 302 3322 46,
327 3244 367 3309 15
396 3246 454 3333 (=
482 3246 599 3312 Catast.
631 3247 741 3331 fragm.
768 3270 798 3332 p.
825 3249 897 3325 131,
916 3249 973 3335 20)
1006 3269 1039 3313 se
1067 3248 1107 3314 de
1136 3247 1247 3313 Graeis
1273 3248 1310 3312 ia
1334 3249 1440 3329 primo
1468 3247 1549 3311 libro
1579 3245 1738 3310 Genealo-

196 3354 324 3436 pt'orom
347 3353 447 3437 egisse
475 3355 605 3431 iudicet,
633 3355 726 3419 huius
751 3357 867 3439 operis,
895 3356 977 3440 quod
1007 3361 1072 3420 tres
1099 3354 1263 3420 minimum
1290 3355 1387 3419 libros
1416 3354 1612 3437 complexum
1640 3353 1738 3418 fuisse

196 3462 343 3547 adparet,
370 3462 590 3545 compendium
619 3482 685 3527 esse
713 3483 797 3537 eum,
829 3485 922 3545 quem
953 3484 1010 3527 nos
1039 3469 1193 3538 tenemus,
1221 3462 1412 3527 Fabularum
1439 3462 1555 3526 librum
1583 3483 1655 3526 cum
1682 3460 1739 3525 alii

197 3573 376 3633 statuerunt
412 3571 479 3632 tum
517 3568 646 3634 Carolus
678 3568 817 3653 Langius
854 3569 908 3656 (de
939 3591 1022 3635 nexu
1054 3570 1138 3634 inter
1166 3569 1245 3654 Hyg.
1274 3591 1322 3653 op.
1355 3569 1451 3653 myth.
1481 3574 1513 3633 et
1539 3567 1638 3633 fabul.
1667 3566 1738 3633 libr.

197 3675 380 3759 Moguntiae
406 3673 490 3740 1865
513 3699 543 3760 p.
567 3676 603 3762 5)
631 3679 663 3741 et
689 3675 863 3742 Bursianus
890 3676 923 3740 in
951 3678 1090 3741 eiusdem
1117 3676 1218 3741 libelli
1245 3676 1426 3741 recensione
1453 3675 1579 3759 (Jahrb.
1603 3674 1623 3738 f.
1649 3674 1738 3740 class.

197 3783 309 3849 Philol.
336 3783 420 3848 1866
443 3805 472 3867 p.
497 3782 590 3868 162);
617 3783 712 3850 immo
741 3785 824 3868 quod
847 3784 1071 3870 Dositheus²⁷)
1099 3785 1132 3848 in
1160 3806 1306 3868 graecum
1329 3784 1494 3848 transtulit
1517 3783 1636 3866 Hygini
1659 3804 1739 3866 opus

197 3889 375 3956 fabularum
399 3890 481 3966 libri,
504 3895 540 3954 ut
559 3912 649 3956 nemo
669 3893 776 3972 nescit,
800 3891 992 3957 simillimum
1016 3893 1186 3975 genuinum
1208 3891 1292 3956 huuc
1310 3891 1447 3966 titulum,
1471 3891 1524 3974 qui
1543 3895 1592 3955 est
1613 3889 1738 3954 Genea-

198 3997 313 4080 11ρὶ11,
342 4018 419 4080 prae
442 4017 476 4063 se
499 3997 629 4063 ferebat.
662 3999 703 4063 ad
727 4000 809 4063 idem
833 4020 911 4083 opus
934 3998 1052 4075 refero,
1081 3999 1164 4084 quod
1187 3998 1344 4082 Hyginus,
1370 3996 1426 4062 ubi
1450 3997 1675 4080 Aglaosthenis
1698 3997 1738 4062 de

196 4104 309 4190 piratis
332 4105 502 4188 Tyrrhenis
529 4106 742 4170 narrationem
770 4127 808 4171 ex
836 4105 1067 4172 Catesterismis
1095 4106 1214 4184 reddit,
1236 4106 1268 4170 ΙΙ
1294 4104 1387 4188 171).
1411 4103 1467 4179 57,
1491 4105 1511 4166 3
1535 4103 1594 4190 (=
1619 4103 1737 4169 Catast.

197 4212 306 4296 fragm.
330 4235 359 4296 p.
387 4212 462 4288 161,
491 4212 526 4299 6)
549 4212 589 4277 de
612 4211 718 4278 Liberi
746 4213 921 4279 nutricibus
951 4216 996 4278 ita
1019 4213 1143 4279 scribit:
1173 4235 1194 4276 a
1217 4214 1332 4294 quibas
1355 4233 1424 4275 eam
1447 4212 1604 4276 reatritam
1629 4215 1658 4275 et
1680 4230 1738 4275 cos

198 4319 314 4402 (nostri
331 4316 420 4404 libri)
439 4319 474 4384 in
487 4320 640 4403 propende
658 4321 787 4385 deorum
806 4325 835 4385 et
852 4321 1025 4401 correptior—res
1042 4318 1159 4385 Graeci
1178 4320 1336 4384 (licerent.
1365 4320 1460 4384 aliter
1478 4339 1554 4383 sane
1568 4320 1671 4383 visum
1691 4323 1738 4384 est

197 4425 361 4503 Bursian0,
385 4426 439 4510 qui
461 4428 580 4492 tradito
603 4428 659 4493 illo
681 4429 793 4507 nostri,
818 4428 902 4511 quod
925 4449 982 4512 ego
1007 4427 1166 4493 Scheffero
1188 4433 1360 4512 praeeunte
1383 4427 1415 4490 in
1439 4447 1496 4491 nos
1518 4427 1652 4504 mutavi,
1673 4446 1737 4491 ser·

195 4539 269 4598 vato
293 4532 333 4598 de
356 4533 593 4619 mythographis
619 4534 728 4601 latinis
755 4555 929 4600 sermonem
958 4556 1025 4601 esse
1048 4535 1231 4600 arbitratur.
1263 4539 1298 4599 at
1320 4534 1478 4599 Romanos
1501 4533 1675 4617 scriptores
1698 4530 1737 4596 ab

286 4765 319 4833 a)
339 4767 371 4820 V.
391 4764 519 4821 Dosithei
537 4782 608 4836 mag.
627 4765 771 4836 interpret.
791 4766 838 4820 lib.
858 4768 899 4820 111
918 4766 960 4820 ed.
979 4765 1128 4833 Boecking.
1162 4763 1264 4835 Hygini
1287 4763 1343 4818 lab.
1363 4763 1405 4818 ed.
1425 4763 1463 4817 M.
1483 4761 1611 4818 Schmidt
1630 4780 1658 4833 p.
1678 4762 1737 4817 LIV

197 4853 321 4926 Μαξίμῳ
345 4857 393 4909 καὶ
418 4847 506 4929 Angor
525 4848 642 4920 ὑπάτοις
659 4850 715 4928 πρὸ
736 4850 765 4927 γ’
786 4852 868 4911 εἰδῶν
887 4855 1086 4926 Σεπτεμβρίου
1106 4848 1236 4924 Ὺγίνσυ
1259 4853 1490 4924 γενεαλογίαν
1513 4855 1584 4906 πᾶσι
1606 4847 1736 4922 γνώστην

195 4940 372 5015 μετέγραψα.
