3894 5708
1637 353 1676 422 31

152 551 327 622 recurrunt,
350 567 430 629 quae
453 544 485 609 in
508 544 633 610 scholiis
657 544 781 608 Arateis
804 548 927 608 servata
949 548 1035 617 sunt3
1063 539 1176 604 deinde
1203 560 1282 622 qnae
1305 538 1389 624 apud
1414 538 1570 624 Hyginum
1592 541 1625 603 ot
1646 538 1678 603 in

152 651 280 718 scholiis
301 651 533 719 Basileensibus
561 651 691 735 legimns
713 650 822 726 rerba,
849 671 942 733 saepe
964 649 1129 733 Epitomae
1156 655 1221 713 tam
1248 654 1392 712 accurate
1415 647 1618 731 respondent,
1644 650 1680 709 ut

152 760 180 824 si
202 781 266 823 non
288 761 397 825 eadem
421 758 528 835 rerba,
551 766 692 826 atcerte
715 759 873 824 simillima
896 764 1062 841 utrumque
1085 763 1158 821 anto
1182 756 1286 820 oculos
1309 754 1455 820 habuisse
1478 774 1602 819 necesse
1625 752 1681 824 sit;

46 898 50 902 “
152 868 240 931 cuius
262 868 308 932 rei
330 889 426 932 uuum
449 867 623 950 exemplum
646 867 789 932 attulisse
812 863 959 942 sufficiet3
982 887 1054 930 nam
1077 885 1147 930 curn
1169 864 1311 948 Hyginus
1332 862 1404 927 114
1428 861 1546 928 scribat
1568 861 1605 925 de
1626 860 1681 923 hoc

152 973 264 1055 fertur,
290 979 326 1039 ut
352 975 394 1039 sit
415 974 519 1039 Arcus
545 974 668 1039 neruiue
695 995 797 1038 nonne
820 974 953 1056 adparet
980 994 1051 1038 eum
1074 973 1182 1038 oedem
1205 970 1301 1035 rerba
1327 969 1453 1053 legisse,
1480 989 1561 1052 qnae
1586 964 1681 1031 hodie

152 1080 185 1145 in
210 1081 355 1164 Epitome
377 1081 399 1144 4
427 1087 551 1146 exstant
576 1083 653 1166 περὶ
680 1077 804 1146 τούτου
827 1080 968 1165 λέγεται,
996 1071 1049 1145 ὅτι
1072 1072 1185 1165 Ἀρκάς
1208 1077 1316 1144 essen?
1361 1077 1481 1162 itaque
1496 1077 1597 1143 clucet
1619 1073 1679 1143 Ca·
1780 1157 1783 1163 Ι

152 1187 402 1255 tastorismorum
425 1188 594 1254 dictionem
617 1188 658 1253 ab
681 1189 827 1271 Epitome
850 1189 942 1253 nimis
966 1187 1120 1253 diversam
1142 1209 1204 1251 non
1227 1186 1330 1251 tuisse.

242 1295 286 1360 At
307 1300 418 1361 contra
444 1295 522 1361 haec
549 1301 673 1379 reputa:
697 1317 776 1360 unns
800 1301 923 1360 tantum
950 1296 983 1359 in
1006 1293 1235 1360 Catasterismis
1263 1293 1397 1377 scriptor
1422 1294 1682 1368 commemoratur

151 1404 372 1469 Eratosthenis
394 1409 498 1469 aetate
521 1403 659 1468 inferior.
698 1410 745 1468 est
763 1403 790 1469 is
808 1403 1006 1486 Hipparchus
1024 1404 1057 1467 in
1075 1402 1219 1485 Epitome
1237 1401 1345 1465 XXIII
1365 1425 1393 1484 p.
1413 1399 1487 1476 254,
1506 1398 1561 1463 25:
1586 1395 1681 1463 θέσιν

154 1502 189 1575 δ’
207 1506 338 1594 ἔχουσιν
362 1510 441 1597 (scil.
461 1508 494 1575 ul
512 1507 688 1597 Πληιάδες)
709 1497 746 1574 εὖ
767 1505 856 1593 μάλα
878 1512 1025 1593 κείμεναι
1047 1500 1132 1573 κατὰ
1154 1500 1409 1593 τὸτ’Ἵπιταρχοα
1428 1506 1682 1592 τριγωνοειδοῦς

154 1613 325 1703 σχήματος.
375 1619 409 1682 iu
437 1618 618 1704 Hipparcho
649 1618 727 1683 haec
753 1618 848 1704 verba
879 1616 997 1682 frustra
1024 1618 1171 1699 quaesivi.
1221 1625 1329 1682 extant
1356 1624 1459 1682 autem
1491 1616 1524 1680 in
1556 1613 1682 1679 scholiis

153 1724 279 1790 Arateis
301 1725 341 1789 ad
365 1748 391 1789 v.
415 1725 480 1790 254
502 1749 531 1809 p.
556 1726 607 1802 74,
633 1726 686 1790 13:
715 1727 771 1790 καὶ
794 1721 904 1809 ἔχουσι
928 1732 1031 1810 σχῆμα
1058 1726 1232 1810 τρίγωνον,
1260 1713 1300 1790 οὗ
1322 1716 1343 1811 ἡ
1365 1719 1458 1805 βάσις
1481 1714 1538 1787 ἐπ’
1561 1714 1682 1785 cirrote-

152 1822 215 1917 rip
238 1830 426 1916 τέτραπται.
472 1839 539 1897 tum
566 1835 673 1916 paucis
700 1834 894 1916 interpositis
921 1832 1024 1897 vorbis
1051 1834 1098 1897 ita
1124 1833 1277 1916 pergitur:
1310 1824 1328 1897 ὁ
1350 1823 1528 1916 Ἵππαρχος
1556 1829 1591 1894 δὲ
1619 1819 1681 1892 οὐκ

153 1937 209 2004 ἐπὶ
232 1943 293 2003 τοῦ
320 1934 447 2023 Ταύρου
470 1941 539 2025 (καὶ
562 1932 624 2025 γὰρ
648 1931 748 2016 οὗτος
770 1932 932 2026 ἡμίτομον
955 1931 1015 2005 τὸν
1043 1944 1170 2023 Ταῦρον
1192 1939 1311 2026 norell
1336 1942 1416 2026 φησὶ
1440 1938 1528 2022 62⁶¹)
1552 1944 1600 2022 τῷ
1622 1934 1683 2019 μὲν

152 2046 236 2111 ποσὶ
261 2052 323 2110 τοῦ
351 2045 504 2130 Περσέως
530 2050 657 2130 μᾶλλον
685 2038 786 2123 αὐτὰς
813 2043 1019 2133 πλησιάζειν,
1045 2043 1162 2130 πόρρω
1192 2048 1280 2134 dim)
1309 2043 1393 2112 εἶναι
1420 2053 1481 2112 τοῦ
1509 2038 1684 2129 ἀριστεροῦ

153 2148 304 2239 γόνατος.
354 2160 449 2237 atquo
476 2153 555 2219 haec
573 2157 654 2220 'sane
681 2155 714 2219 in
741 2154 922 2238 Hipparcho
954 2155 1101 2239 leguntur
1127 2156 1171 2237 (p.
1202 2155 1242 2219 12
1269 2154 1416 2220 editionis
1444 2153 1590 2228 Victorii,
1622 2170 1685 2232 qna

152 2263 223 2326 sola
244 2261 320 2326 mihi
343 2264 390 2326 uti
414 2261 530 2348 licuit'y:
559 2259 591 2327 οἱ
617 2253 678 2346 γὰρ
707 2259 743 2327 ἐν
770 2270 818 2346 τῷ
842 2254 1005 2347 ἀριστερῷ
1031 2263 1113 2327 ποδὶ
1135 2269 1197 2327 τοῦ
1219 2262 1373 2347 Περσέως
1399 2257 1432 2342 β’
1457 2260 1599 2343 λαμπροὶ
1628 2259 1683 2323 καὶ

153 2365 205 2434 ἔτι
228 2367 264 2434 ἐν
287 2376 327 2452 τῇ
351 2361 506 2458 ἀριστερᾷ
529 2365 636 2455 κνήμῃ
659 2373 775 2454 πολλῷ
799 2369 942 2454 e'yyr'ove'g
966 2369 1027 2435 εἰσι
1050 2377 1121 2434 τοῖο
1139 2365 1318 2457 Πληιάδωιι
1341 2362 1425 2455 ἤπερ
1449 2360 1488 2432 τὸ
1509 2357 1684 2452 ἀριστερὸν

152 2471 246 2559 γόνυ.
291 2477 374 2540 unde
401 2496 462 2542 non
490 2476 596 2560 inepte
624 2477 761 2561 conligas
788 2477 885 2542 verba
911 2499 992 2561 cquae
1021 2479 1111 2544 modo
1136 2499 1174 2542 ex
1197 2477 1341 2561 Epitomo
1364 2478 1470 2553 attuli,
1498 2497 1536 2540 ex
1558 2473 1685 2540 scholiis

154 2583 279 2648 Arateis
298 2583 339 2648 ab
358 2583 583 2668 interpolatore
601 2584 711 2648 addita
728 2605 804 2660 esse,
823 2586 875 2668 qni
891 2585 1064 2668 Hipparchi
1083 2585 1273 2650 mentionem
1291 2584 1395 2668 paullo
1413 2591 1485 2668 post
1504 2582 1628 2646 obviam
1644 2580 1685 2644 ad

154 2691 376 2774 praecedentia
394 2712 516 2775 quoque
535 2712 699 2776 perperam
717 2692 884 2756 rettulerit.
911 2692 993 2757 addo
1012 2693 1094 2776 qnod
1113 2691 1218 2768 rerba,
1236 2698 1374 2756 ceterum
1393 2692 1455 2755 iam
1470 2687 1686 2754 Sclraubachio

153 2803 307 2880 suspecta,
329 2818 431 2880 noque
454 2799 537 2881 apud
560 2799 717 2882 Hyginum
740 2821 840 2882 neque
863 2801 895 2863 in
919 2799 1046 2866 scholiis
1068 2800 1101 2864 in
1121 2799 1339 2865 Germanicum
1362 2799 1545 2882 conscriptis
1568 2801 1685 2860 extant.

153 2905 336 2989 Hipparcho
354 2905 452 2988 igitur
465 2911 594 2988 excepto
609 2912 729 2972 ceteros
743 2927 858 2984 omnes,
877 2907 929 2990 qui
945 2909 978 2971 in
992 2908 1223 2973 Catastorismis
1236 2907 1446 2984 nominantur,
1464 2902 1685 2988 scriptores⁶³)

153 3018 230 3077 ante
252 3012 493 3078 Eratosthenem
515 3013 628 3078 vixisse
651 3021 707 3078 aut
729 3014 924 3098 exploratum
947 3021 995 3079 est
1017 3022 1073 3079 aut
1095 3015 1265 3080 admodum
1286 3014 1463 3098 probabilc;
1488 3035 1578 3079 nemo
1601 3017 1686 3076 certe

154 3127 424 3196 commemoratur,
448 3142 540 3202 quem
558 3123 764 3204 posteriorem
782 3122 866 3186 illius
885 3129 989 3187 aetate
1009 3144 1076 3187 esso
1095 3129 1224 3188 constet.
1262 3122 1457 3205 Hegesianax
1481 3120 1685 3202 Hermippus-

155 3249 230 3311 que,
252 3227 306 3309 qui
328 3227 547 3294 Eratosthenis
570 3227 636 3293 fero
659 3228 804 3311 aequales
828 3230 923 3294 luisse
946 3229 1105 3306 videntur,
1132 3252 1286 3313 nusquam
1309 3234 1604 3304 commemorantur,
1627 3227 1686 3291 etsi

155 3341 190 3399 ot
215 3329 404 3417 Φαιιομεοα
428 3336 611 3418 scripserint
634 3342 666 3400 et
688 3356 708 3400 a
730 3338 913 3419 posterioris
936 3338 1051 3402 aetatis
1074 3336 1278 3420 scriptoribus
1296 3336 1382 3402 velut
1400 3336 1535 3419 Nigidio,
1553 3335 1687 3417 Hygino,

155 3440 344 3506 scholiorum
362 3442 551 3507 Anat-eorum
568 3449 696 3508 auctore
715 3443 872 3527 compilati
892 3445 963 3508 siut.
995 3445 1121 3509 omnino
1141 3453 1265 3529 praeter
1285 3445 1415 3509 Aratum
1433 3464 1524 3508 nomo
1543 3443 1576 3506 in
1594 3440 1686 3506 Cata·

154 3548 307 3613 sterismis
326 3548 560 3615 commemorati
575 3551 707 3626 videtur,
727 3552 779 3634 qui
799 3551 874 3615 data
892 3573 987 3634 opera
1006 3552 1045 3616 de
1063 3552 1218 3616 sideribus
1237 3553 1344 3634 egerit.
1371 3558 1405 3615 at
1424 3572 1501 3634 qnos
1519 3549 1687 3632 scriptores

153 3653 313 3719 adhibuitl
357 3656 436 3720 nihil
461 3658 531 3722 dico
554 3658 594 3722 de
616 3658 765 3734 Homero,
793 3659 940 3735 Hesiodo,
966 3660 1128 3741 praeclara
1151 3659 1341 3741 tragicorum
1362 3658 1467 3723 triade
1490 3656 1537 3722 vel
1561 3658 1600 3721 do
1625 3657 1687 3720 An·

153 3760 302 3838 tisthcne,
330 3762 506 3841 Aristotele,
534 3764 703 3830 Heraclida
725 3765 868 3840 Pontico;
897 3765 975 3830 nihil
1003 3766 1042 3830 de
1069 3766 1257 3849 Plrerecyde,
1284 3765 1363 3829 nihil
1390 3766 1430 3830 do
1453 3763 1576 3829 Ct-csiac
1604 3771 1688 3829 certe

154 3890 218 3933 non
245 3869 284 3933 dc
312 3870 404 3934 trivio
432 3873 533 3954 petita
559 3873 723 3938 montione.
770 3874 840 3955 plus
867 3873 930 3936 iarn
953 3872 1036 3936 valet
1058 3872 1259 3949 Pisandrum,
1286 3873 1454 3956 l’auyssin,
1480 3893 1518 3936 ea
1544 3872 1688 3954 deniquo,

154 3996 236 4058 quae
258 3974 377 4041 Musaei
387 3977 431 4063 64)
455 3985 487 4041 ct
510 3978 704 4061 Epimenidis
731 3980 856 4044 nominc
883 3979 1078 4056 ferebantur,
1105 3981 1244 4046 carmina
1271 3979 1440 4063 compilata
1466 4000 1541 4044 esse.
1585 3978 1688 4042 rarius

154 4083 292 4148 occurrit
319 4083 539 4166 Aglaosthonis
566 4085 719 4151 Sminthis
746 4086 933 4173 hlyrtilill),
960 4108 1113 4171 nusquam
1137 4086 1349 4152 Aristomachi
1377 4087 1532 4151 memoria.
1578 4106 1688 4167 noque,

153 4197 307 4272 quantum
335 4213 392 4274 ego
420 4194 528 4269 sciam,
555 4193 747 4259 Artemidori
775 4195 1033 4278 agrammatico,
1060 4197 1114 4277 qui
1137 4195 1192 4261 diu
1216 4200 1288 4278 post
1311 4193 1528 4259 Eratosthenis
1551 4197 1687 4258 aetutem

243 4422 277 4487 θ’)
297 4422 340 4476 lta
359 4423 421 4478 MV.
441 4439 538 4491 φησιν·
558 4419 629 4477 ἀλλὰ
648 4426 799 4479 Bckkorus.

242 4510 277 4576 l³)
296 4512 360 4566 Post
378 4510 420 4566 dl:
440 4508 491 4580 τὴν
509 4507 619 4581 κνήμην
637 4514 788 4577 sennenn,
808 4516 878 4583 quod
898 4516 927 4569 M
946 4523 975 4569 ot
993 4517 1016 4569 V
1036 4522 1111 4570 recto
1131 4515 1267 4569 omittunt.

243 4600 277 4667 ⁶³)
297 4602 457 4670 catalogum
477 4618 569 4656 eornm
588 4610 738 4669 auctorum,
758 4603 804 4671 qui
824 4604 851 4658 in
867 4604 1071 4659 Catsstcrismis
1089 4605 1272 4671 nominantur,
1291 4606 1504 4672 fragmentorum
1524 4604 1687 4660 conlectioui

152 4689 275 4744 adfixum
294 4689 425 4745 invenies.

243 4779 276 4843 64)
296 4779 336 4832 Do
356 4779 519 4849 Epimenide
539 4789 567 4834 et
586 4782 699 4835 Musaeo
719 4799 742 4834 v.
763 4781 933 4850 Epimetrum
955 4783 1002 4836 Ill.

243 4867 276 4931 ⁸⁵)
296 4869 371 4937 Quae
396 4886 430 4924 ex
449 4869 561 4939 Myrtilo
585 4871 618 4925 de
638 4871 781 4939 Ilyadibus
800 4871 895 4926 Cadmi
919 4871 1029 4926 filiabus
1052 4880 1210 4937 nouantur,
1235 4873 1270 4927 sd
1294 4872 1436 4942 scriptoris
1459 4871 1534 4926 illins
1553 4872 1687 4926 Lesbiaea

152 4961 229 5012 recte
253 4957 361 5014 rettulit
384 4958 496 5015 Carolus
519 4960 654 5014 Mdllerus
677 4961 722 5015 Er.
743 4960 805 5016 hist
829 4977 920 5029 graec.
945 4961 983 5018 Ill
1002 4979 1028 5035 p.
1048 4963 1113 5031 4553
1137 4962 1166 5017 iu
1195 4962 1250 5018 alio
1273 4962 1396 5018 eiusdem
1419 4961 1511 5033 operis
1533 4961 1687 5031 fragmento
