3894 5708
642 1200 1094 1328 EPIMEPRVM
1131 1202 1170 1328 1.

559 1466 626 1537 DE
655 1462 889 1538 SCHOLIIS
918 1464 1257 1541 STROZZIANIS.

228 1693 395 1758 Laudabili
423 1693 553 1759 66661116
580 1691 728 1758 Alfredus
755 1694 936 1778 Breysigius
964 1694 1040 1771 tria,
1073 1717 1154 1777 quae
1181 1695 1369 1762 scholiorum
1397 1698 1430 1759 in
1458 1697 1677 1763 Germanicum

140 1808 247 1865 extare
270 1800 407 1877 ridebat,
429 1821 546 1882 genera
568 1822 709 1866 seorsum
732 1802 916 1867 excudenda
939 1802 1070 1879 curavit,
1093 1802 1140 1867 ita
1161 1810 1197 1867 ut
1220 1805 1303 1886 qnod
1322 1825 1405 1867 nunc
1423 1805 1463 1868 de
1481 1803 1530 1868 his
1550 1805 1677 1870 scholiis

141 1908 255 1972 rectius
283 1909 422 1972 iudicare
451 1906 538 1984 licet,
565 1909 599 1972 id
626 1906 711 1973 illius
739 1908 937 1991 potissimum
964 1909 1151 1993 prudentiae
1178 1910 1331 1975 debeatur
1357 1916 1453 1993 61666
1480 1911 1677 1995 diligentiae3

140 2016 194 2080 sed
227 2015 310 2080 idem
342 2037 412 2079 cum
443 2015 527 2079 unde
558 2015 637 2081 haec
668 2014 857 2081 scholiorum
890 2017 1055 2082 diversitas
1087 2022 1159 2082 orta
1186 2025 1268 2083 esset
1299 2025 1355 2082 aut
1382 2038 1463 2100 quae
1490 2019 1573 2083 inter
1600 2018 1677 2084 haec

139 2143 255 2204 genera
281 2122 363 2188 ratio
390 2122 613 2199 intercederet,
644 2123 821 2188 accuratius
848 2124 1040 2207 perscrutari
1067 2126 1349 2208 praetermitteret,
1376 2124 1497 2207 largum
1525 2123 1676 2191 fertilem·

140 2252 200 2312 que
223 2250 367 2313 campum
389 2228 542 2295 incultum
565 2229 706 2314 reliquit;
730 2252 821 2314 quern
844 2229 987 2313 profecto
1011 2252 1073 2295 non
1096 2232 1244 2308 excoluit,
1267 2232 1321 2296 sed
1346 2230 1504 2315 lapidibus
1528 2232 1677 2297 obrutum

140 2340 264 2402 vexavit
286 2338 321 2414 is,
345 2337 399 2419 qui
422 2343 494 2419 post
512 2337 709 2420 Broysigium
732 2338 773 2401 do
796 2337 908 2402 horum
932 2338 1123 2403 scholiorum
1145 2345 1178 2403 et
1200 2339 1369 2422 generibus
1391 2345 1424 2403 et
1442 2337 1581 2403 fontibus
1600 2339 1677 2405 satis

141 2445 369 2510 inconsiderate
392 2445 573 2526 disputarit,
596 2446 753 2528 Josephus
771 2445 902 2528 Freyius
925 2445 958 2509 in
977 2445 1077 2511 Musei
1097 2445 1240 2511 Rhenani
1264 2446 1421 2511 volmnine
1444 2446 1531 2511 XXV
1555 2469 1584 2530 p.
1603 2447 1676 2511 272.

20 2573 23 2577 ·
139 2553 228 2616 cuius
256 2552 400 2634 equidem
428 2552 659 2617 dissertationis
687 2553 714 2617 si
742 2552 794 2618 hic
820 2553 975 2617 rationem
1003 2552 1165 2630 haberem,
1193 2560 1226 2619 et
1253 2554 1404 2636 temporis
1430 2574 1480 2617 me
1502 2555 1678 2637 paeniteret

140 2664 174 2725 ot
195 2659 332 2724 chartae.

228 2767 305 2832 Tres
328 2767 425 2851 igitur
448 2767 637 2833 scholiorum
660 2767 693 2830 in
717 2768 938 2832 Germanicum
962 2767 1201 2850 distinguuntur
1224 2767 1352 2844 6166666,
1379 2788 1512 2851 quarum
1534 2769 1678 2850 primam,

141 2897 234 2960 quam
256 2874 377 2939 scholia
399 2875 591 2940 Basileensia
614 2895 768 2951 vocamus,
790 2875 908 2958 partim
931 2896 970 2939 ex
992 2873 1120 2957 Nigidio
1145 2874 1257 2958 Figulo
1281 2875 1478 2958 exscriptam,
1500 2876 1617 2958 partim
1640 2896 1678 2938 ex

141 2982 358 3047 Eratosthenis
391 2982 622 3048 Catasterismis
659 3003 781 3046 versam
818 3002 884 3046 esse
916 2982 948 3046 in
980 2981 1214 3066 Prolegomenis
1251 2982 1383 3046 ostendi.
1433 2981 1567 3046 alteram
1598 2979 1679 3046 liber

140 3091 419 3172 Sangermanensis
450 3111 528 3155 saec.
556 3089 602 3153 IX
635 3095 782 3154 exaratus
813 3089 962 3167 servavit3
996 3110 1077 3173 quae
1109 3110 1186 3173 quas
1218 3086 1342 3154 fabulas
1374 3089 1527 3165 eontinet,
1559 3110 1612 3153 eas
1640 3110 1678 3153 cx

141 3198 436 3264 Gataeterismorum
464 3197 600 3280 epitome
627 3203 753 3261 nostrae
780 3196 941 3261 simillima
967 3196 1008 3260 ab
1037 3197 1162 3261 homine
1186 3180 1364 3262 Christiaho
1393 3217 1524 3280 graecae
1551 3196 1678 3278 linguae

139 3306 222 3371 male
254 3306 359 3382 docte,
392 3304 602 3388 mythologice
634 3324 706 3369 vero
737 3305 786 3368 vel
815 3304 1049 3388 imperitissimo
1082 3304 1224 3369 redditas
1255 3325 1323 3369 osae
1355 3302 1473 3367 ibidem
1500 3303 1591 3368 evici.
1623 3303 1679 3368 sed

139 3419 267 3497 praeter
304 3412 426 3477 fabulas
463 3411 582 3477 scholia
613 3410 895 3494 Sangermanensia
930 3412 1027 3476 etiam
1059 3411 1153 3476 docta
1184 3412 1340 3493 quaedam
1372 3411 1534 3475 continent
1565 3411 1679 3494 capita,

140 3519 256 3603 quibus
279 3521 318 3584 de
341 3518 493 3601 sphaerae
521 3517 721 3602 figuratione,
749 3520 788 3583 de
811 3519 885 3583 66116
907 3518 1001 3583 lunae
1024 3518 1222 3602 planetarum
1245 3540 1352 3592 cursu,
1379 3519 1420 3581 do
1442 3516 1679 3600 quaestionibus

140 3627 277 3709 deniquo
304 3626 555 3709 meteorologicis
583 3626 660 3692 satis
687 3626 812 3690 erudite
838 3627 1026 3709 disputatur.
1059 3627 1137 3691 haec
1163 3632 1270 3691 autem
1297 3647 1359 3688 non
1384 3647 1422 3688 ex
1446 3645 1558 3708 graeco
1582 3646 1679 3701 versa,

140 3735 197 3799 sod
224 3755 261 3797 ex
290 3734 396 3797 1611616
423 3732 564 3798 t'ontibus
591 3734 706 3798 hausta
733 3755 801 3798 esse
829 3755 866 3798 ex
893 3755 1036 3798 sermone
1064 3755 1143 3816 puro
1172 3740 1267 3817 atque
1295 3733 1461 3796 emendato
1488 3732 1589 3815 primo
1617 3733 1678 3795 iam

140 3840 256 3905 obtutu
280 3840 484 3923 intellegitur.
517 3840 593 3922 quid
622 3841 706 3923 quod
734 3842 845 3905 eadem
872 3847 928 3905 661
956 3841 1072 3904 eisdem
1100 3840 1204 3905 verbis
1232 3846 1289 3904 aut
1316 3839 1470 3903 similibus
1493 3838 1579 3920 apud
1601 3837 1680 3902 alios

140 3949 310 4030 scriptores
343 3948 501 4012 Romanos
533 3955 713 4023 recurrunt,
748 3952 784 4011 ut
816 3947 854 4011 do
888 3947 999 4011 harum
1030 3947 1169 4030 partium
1202 3947 1323 4030 origine
1355 3968 1425 4009 curn
1457 3945 1565 4028 aliqua
1596 3951 1681 4009 certe

140 4053 367 4139 probabilitate
396 4055 535 4119 iudicare
561 4055 726 4137 possimne.
762 4076 836 4118 nam
864 4076 944 4136 quae
968 4055 1008 4118 de
1032 4053 1177 4137 Apolline
1201 4055 1234 4116 in
1257 4053 1446 4119 scholiorum
1468 4050 1530 4116 fine
1553 4074 1582 4134 p.
1610 4052 1681 4127 195,

139 4162 366 4238 4-196,8
395 4170 607 4245 exponuntur,
640 4162 757 4227 eisdem
784 4161 888 4225 verbis
920 4161 1005 4245 apud
1038 4160 1237 4244 Fulgentium
1261 4160 1277 4224 I
1304 4164 1358 4237 11,
1390 4181 1470 4244 quae
1504 4159 1543 4223 de
1570 4158 1680 4241 plane-

140 4276 245 4335 tarum
277 4291 334 4353 per
362 4268 545 4352 signiferum
573 4291 665 4334 eursu
695 4291 724 4352 p.
744 4269 819 4346 231,
850 4269 1033 4345 12-232,
1061 4269 1080 4332 8
1109 4269 1264 4354 (exceptis
1291 4268 1395 4333 verbis
1422 4266 1550 4351 reliqua
1577 4270 1681 4330 autem

141 4415 181 4424 -
207 4377 364 4441 interiore
392 4377 523 4461 austri),
550 4378 635 4460 apud
662 4376 801 4441 Plinium
824 4376 855 4439 11
879 4377 995 4452 eaor
1025 4376 1186 4460 leguntur,
1218 4375 1264 4440 ita
1295 4382 1332 4440 61
1363 4374 1509 4440 dubitare
1536 4393 1681 4457 nequeas,

140 4484 218 4567 quin
251 4483 422 4548 scholiasta
453 4490 620 4567 utrumque
652 4485 839 4566 scriptorem
870 4483 1078 4567 exscripserit.
1129 4483 1275 4548 simihtcr
1307 4504 1388 4566 quae
1415 4482 1455 4547 de
1482 4481 1681 4566 planetarum

139 4590 283 4657 cursibus
311 4598 344 4656 et
367 4592 529 4657 ordinibus
556 4614 585 4675 p.
600 4592 674 4668 227,
692 4594 785 4655 11-
800 4590 908 4667 228,8
933 4594 1145 4674 exponuntur,
1173 4611 1211 4655 66
1233 4612 1271 4655 ex
1294 4589 1397 4654 Plinio
1420 4588 1453 4653 ΙΙ
1477 4588 1624 4653 32-39
1649 4593 1682 4652 61

140 4698 173 4763 ΙΙ
193 4698 234 4762 69
263 4697 413 4776 conflata,
444 4720 525 4781 quae
552 4720 625 4764 vero
654 4699 694 4763 de
722 4699 840 4764 eisdem
867 4705 1038 4764 narrantur
1064 4697 1249 4764 historiolae
1276 4721 1306 4781 p.
1330 4697 1404 4774 228,
1431 4696 1471 4760 15
1496 4733 1537 4744 -
1562 4695 1636 4772 230,
1660 4695 1680 4759 3

140 4829 180 4872 ex
207 4805 324 4891 Hygini
351 4807 523 4890 astrologia
550 4806 648 4870 1142
678 4806 852 4891 exscriptae
884 4813 971 4883 sunt,
1004 4807 1063 4872 nisi
1096 4807 1179 4890 quod
1212 4807 1245 4870 in
1277 4805 1327 4869 his
1354 4805 1456 4881 altera
1482 4804 1681 4887 planetarum

140 4916 270 4981 nomina
297 4914 463 4982 Phaethon
490 4915 640 4980 Phaenon
668 4915 778 4999 Pyrois
806 4914 1009 4998 Phosphorus
1042 4938 1080 4981 ex
1113 4914 1224 4979 eodem
1251 4913 1367 4997 Hygini
1397 4913 1499 4996 capite
1527 4910 1681 4976 Plinianis
