3894 5708
348 388 449 442 Sciron.
469 387 562 443 Gau.
582 388 613 441 G.
634 405 659 457 n.
682 388 741 449 178,
762 390 803 441 ll.
1229 389 1359 442 Hrcrnus
1378 390 1412 449 ΙΙ,
1432 390 1473 443 38.
1680 391 1741 456 18ὑ

292 565 469 632 Centaurus
495 565 612 631 dicitur
643 566 740 631 sehse
767 566 884 632 Chiron
913 573 946 631 et
1044 567 1104 631 Hic
1132 566 1249 631 dicitur
1276 567 1402 632 nomine
1426 566 1544 632 Chiron
1567 567 1697 633 Saturni
1792 567 1849 621 XI:

247 672 408 738 habitasse
430 673 464 737 in
487 673 621 738 stabulis
643 680 676 738 et
699 678 835 740 sectasse
853 675 946 738 iusti·
999 679 1032 738 et
1054 673 1202 757 Philyrae
1224 672 1309 739 filins
1332 695 1413 752 esse,
1440 675 1494 759 qni
1517 697 1580 739 nen
1602 676 1697 741 medo
1744 654 1902 711 (leuraam

193 786 231 931 )
248 780 325 845 tiam
347 785 389 858 et,
411 781 562 864 queniam
585 781 764 865 Asclepium
785 786 818 847 et
836 780 946 846 Achil·
999 785 1121 847 eeteros
1135 779 1320 858 Centauros,
1337 784 1393 848 sed
1411 783 1555 848 hemines
1574 805 1698 867 quoquc
1720 840 1735 851 .

247 887 309 953 lem
335 889 498 966 nutrierit,
529 889 614 953 inter
643 894 731 955 astra
757 888 946 955 conlocatus.
999 887 1123 954 institia
1132 909 1306 973 superasse,
1318 889 1539 973 Aesculapium
1550 897 1582 955 et
1592 890 1698 955 Achil·

221 995 454 1061 unnnsthcnes
489 1003 596 1061 autem
633 997 713 1063 dicit
748 1019 765 1061 e
796 997 948 1082 pharetra
999 997 1063 1061 lem
1079 996 1217 1061 nutrisse
1235 995 1443 1062 existimatur.
1461 999 1581 1080 pietate
1601 998 1699 1081 igitur
1725 1008 1743 1059 e

248 1102 392 1170 Herculis
419 1103 540 1188 lapsam
567 1106 716 1187 sagittam
743 1106 857 1189 pedem
880 1105 947 1170 eius
1000 1108 1033 1168 et
1055 1101 1221 1187 diligentia
1242 1102 1355 1181 effecit,
1378 1108 1415 1169 ut
1435 1105 1519 1170 inter
1536 1111 1623 1170 astra
1641 1126 1699 1169 nu-

249 1211 429 1277 wlnerasse
451 1218 644 1294 acceptoque
663 1212 791 1277 vulnere
809 1212 947 1277 animam
999 1216 1183 1276 mereretur.
1215 1210 1300 1294 apud
1331 1209 1417 1275 hunc
1443 1211 1595 1277 Hercules
1628 1233 1700 1276 cnm

248 1316 410 1384 exhalasse
434 1323 467 1382 et
489 1317 529 1383 eb
550 1318 611 1384 hec
628 1340 649 1384 a
666 1318 740 1384 Icvc
759 1320 843 1385 inter
860 1326 949 1385 astra
1000 1319 1216 1384 deverteretur
1238 1322 1271 1383 et
1292 1317 1386 1384 simul
1403 1340 1474 1384 cnm
1492 1318 1629 1385 Chirone
1648 1340 1698 1384 se-

248 1425 443 1491 conlecatnm
465 1446 542 1491 esse
565 1432 614 1491 est
637 1432 745 1492 autem
762 1427 887 1512 signum
905 1426 947 1492 ad
1000 1426 1079 1491 dene
1100 1425 1237 1509 sacietas
1259 1426 1489 1504 consideraret,
1512 1425 1700 1492 fertnr'uua

204 1541 238 1595 10
247 1533 430 1616 adspectum
453 1533 597 1611 sacrarii,
619 1535 703 1600 unde
726 1535 814 1600 etin
837 1535 947 1600 eedem
1000 1554 1107 1597 earum
1130 1533 1286 1599 decidisse
1306 1554 1404 1616 supra
1421 1534 1534 1618 pedem
1553 1534 1699 1600 Chironis
1709 1544 1743 1598 10

248 1640 386 1705 wcraric
415 1639 591 1707 sacrificare
613 1664 634 1707 a
656 1641 827 1726 gentilibus
853 1649 946 1725 puta
1000 1641 1098 1705 etita
1116 1661 1187 1705 enm
1205 1638 1401 1707 interfecisse
1423 1690 1537 1707 .....
1559 1663 1700 1727 proque

248 1746 350 1812 batur.
999 1770 1034 1814 re
1062 1748 1184 1832 Iupiter
1216 1748 1282 1812 eius
1309 1747 1456 1813 misertus
1483 1747 1567 1813 inter
1594 1749 1700 1814 sidere

1001 1876 1073 1919 eum
1091 1854 1257 1921 constitnit
1275 1877 1346 1921 cnm
1363 1855 1477 1933 hestia,
1495 1877 1591 1940 quam
1604 1877 1700 1940 supra

1000 1961 1097 2028 Aram
1120 1968 1230 2029 tenens
1254 1963 1414 2029 immolare
1437 1963 1570 2028 videtur.

240 2906 253 2943 a
272 2888 299 2943 in
319 2890 436 2944 stabulis
459 2892 522 2960 lenti
541 2887 573 2945 ἐν
591 2895 631 2964 τῷ
650 2891 790 2964 σπηλαίῳ,
814 2897 847 2945 ut
864 2892 945 2946 achel.
1244 2891 1294 2946 XL
1313 2890 1500 2946 Tasrrucnrn.

193 2979 286 3033 'Aret
324 2979 391 3034 isit
407 2986 470 3049 poet
489 2981 645 3035 conlocatus
668 2981 700 3035 G.
721 2980 771 3036 del.
790 2984 816 3052 β.
1036 2981 1110 3035 Sere
1144 2980 1213 3035 Aen.
1241 2980 1321 3034 VIII
1345 2985 1410 3035 294.
1461 2980 1576 3036 lateant
1603 2986 1741 3036 comment.

999 3070 1078 3125 Rern
1101 3069 1143 3125 VI
1159 3073 1224 3125 386.
