3894 5708
468 537 675 603 Strozzianus.
1166 535 1385 620 Mythogreph.
1409 534 1509 600 Velie
1533 532 1573 597 ΙΙ.

200 645 298 710 fuisse
321 667 384 709 uuo
408 646 512 722 oculo,
540 667 602 709 una
624 645 838 728 pulcritudine
862 647 943 709 iuter
1301 659 1357 713 feb.
1379 661 1437 713 112.

200 772 233 817 sc
274 754 555 830 communicantes,
598 774 754 835 quarum
795 753 945 816 nomine
1042 752 1204 834 Gorgones
1231 756 1296 815 tres
1317 750 1464 826 luerunt,
1496 748 1636 814 Stheno
1663 747 1737 812 Eu-

202 864 387 943 putentur
426 861 546 942 primu
583 855 751 937 Σθενώ,·
781 860 945 924 secundu
998 859 1103 942 ryele
1126 857 1279 922 Medusa
1305 858 1413 922 filiae
1441 857 1577 921 Phorci
1600 855 1683 938 regis
1707 861 1740 919 et

202 958 398 1052 Εὐρυάλη,
431 967 550 1031 tertie
578 965 772 1031 Μέδουσα.
810 988 830 1030 a
862 967 944 1049 qui·
999 965 1189 1052 Cretidis⁵²)
1222 965 1376 1049 nymphae
1411 1011 1572 1028 ......
1609 962 1676 1027 has
1708 962 1739 1026 si

201 1072 360 1137 busdam
382 1095 468 1138 vero
488 1096 508 1138 e
526 1073 696 1138 Minerva
714 1076 865 1139 missum
888 1074 945 1138 di·
999 1075 1082 1155 quis
1105 1072 1217 1147 vidit,
1244 1079 1398 1154 stupore
1421 1071 1552 1136 stetim
1581 1069 1618 1133 in
1641 1068 1739 1151 lapi-

202 1181 303 1244 citur
321 1185 358 1244 et
376 1181 410 1244 ei
429 1180 767 1263 clipeumvitreum
785 1182 945 1256 dedisse,
999 1182 1080 1244 dem
1112 1200 1240 1243 versus
1272 1185 1329 1242 est
1481 1198 1575 1261 quiem
1607 1177 1740 1241 Perseus

202 1309 268 1370 per
296 1309 403 1369 quem
426 1287 555 1353 videre
584 1309 650 1354 nec
672 1289 794 1352 videri
823 1286 946 1352 abeis
999 1286 1083 1352 filius
1111 1286 1191 1351 levis
1220 1291 1252 1349 et
1279 1285 1404 1350 Danaes
1432 1308 1451 1349 e
1478 1285 1645 1367 Polydecte
1667 1303 1741 1366 rege

204 1401 339 1478 posset.
999 1395 1122 1470 missus,
1140 1399 1296 1475 eccepto
1314 1392 1529 1468 eMinerve‚
1547 1412 1591 1456 ne
1610 1389 1740 1455 aGor·

204 1502 301 1586 (qnae
323 1506 484 1577 secuntur,
508 1523 546 1565 ex
568 1501 799 1567 Besileensibus
822 1506 947 1584 sumpta
1000 1522 1095 1585 gone
1130 1506 1258 1583 posset
1295 1500 1430 1575 videri,
1463 1500 1587 1563 vitreo
1620 1497 1741 1581 clipeo

203 1613 301 1696 suut)
1000 1586 1237 1690 interceptoque
1269 1607 1302 1669 in
1333 1604 1443 1689 prirhis
1472 1605 1662 1671 Phorcidnm
1693 1604 1742 1669 lu-

1000 1716 1098 1790 mine,
1129 1735 1191 1798 quo
1224 1715 1355 1778 invicem
1383 1713 1534 1778 custodiis
1561 1713 1741 1789 utebantur,

899 1873 903 1882 .
1002 1822 1162 1887 interfecit
1184 1842 1209 1885 s.
1229 1843 1257 1905 q.
1276 1843 1298 1884 s.
1411 1851 1420 1864 ·

204 1933 316 1996 Altera
339 1938 388 1996 est
411 1933 450 1996 de
475 1932 670 2014 Ganymede:

235 2072 261 2125 p.
283 2057 343 2119 153,
363 2056 475 2109 9—1‘2.
496 2053 530 2108 cl.
551 2055 653 2108 Cetest.
673 2053 770 2123 lregm.
790 2072 817 2124 p.
838 2055 890 2108 144
901 2070 921 2107 s.
1307 2054 1362 2109 leh.
1384 2056 1442 2109 198.

252 2146 391 2227 Quirinio
414 2144 525 2209 velerit
546 2144 761 2226 Guoprrcedcm
783 2166 853 2209 cum
875 2165 948 2222 esse,
1047 2144 1296 2227 Ganymedes,
1327 2144 1447 2209 Troili
1478 2144 1562 2226 regis
1593 2143 1743 2208 Troiano-

205 2252 380 2338 Troili⁵³)
405 2257 443 2316 et
466 2251 703 2317 Callirrhoes
726 2252 857 2316 filium.
885 2254 949 2334 qui
1002 2274 1073 2316 rum
1108 2258 1145 2316 et
1176 2251 1412 2317 Callirrhoae
1448 2251 1570 2328 filius,
1615 2258 1744 2334 propter

205 2382 284 2426 cum
321 2360 359 2424 in
396 2359 464 2423 lde
500 2365 625 2423 moute
657 2366 871 2434 venaretur,
908 2359 948 2423 ob
1003 2359 1143 2441 corporis
1166 2358 1424 2442 pulcritudinem,
1446 2381 1485 2424 ne
1509 2357 1670 2423 infamium
1693 2379 1744 2422 ce-

205 2468 335 2531 nimiam
365 2466 610 2550 pulcritudinem
637 2487 656 2530 a
684 2465 757 2531 love
784 2468 949 2530 adamatus
1002 2467 1091 2531 nubii
1122 2466 1286 2532 masculini
1318 2465 1453 2541 subiret,
1488 2466 1572 2529 dum
1610 2467 1646 2529 in
1678 2465 1746 2529 lde

206 2580 243 2639 et
264 2595 329 2657 per
352 2573 518 2658 aquilem
544 2579 676 2656 raptus
703 2578 735 2637 et
757 2573 841 2637 iuter
863 2580 950 2637 estre
1003 2572 1100 2637 silva
1126 2581 1343 2649 venaretur,
1370 2573 1415 2637 eb
1443 2573 1571 2656 aquila
1599 2574 1635 2637 in
1663 2592 1744 2637 cae-

206 2681 394 2747 ceulecatus.
1004 2680 1079 2744 lum
1101 2688 1234 2763 raptus
1257 2702 1329 2762 eq.
1349 2701 1392 2756 s,

295 2805 420 2871 Similia
450 2828 525 2871 sene
557 2806 656 2870 ceteri
687 2825 811 2888 quoque
839 2803 1063 2888 mythegrephi
1089 2805 1236 2869 Vct-iconi
1263 2809 1396 2869 narrent
1424 2804 1453 2887 (Ι
1480 2805 1550 2870 130.
1577 2806 1647 2870 137.
1674 2806 1745 2871 184.

206 2914 373 2990 11114,1.
400 2914 449 2989 15,
471 2913 526 2999 11)
559 2913 643 2976 haud
676 2911 773 2976 dubie
804 2934 843 2976 ex
876 2913 987 2976 eodem
1019 2910 1106 2975 fonte
1139 2913 1294 2987 derivate,
1326 2913 1380 2975 scd
1408 2915 1560 2976 omittunt
1587 2912 1746 2989 nonnulle,

206 3021 294 3085 velut
312 3020 502 3085 Callirrhues
525 3040 648 3097 nomeu,
671 3024 704 3084 et
725 3019 910 3102 plerumque
933 3019 1005 3083 eliis
1028 3018 1131 3084 verbis
1150 3025 1283 3083 utuntur
1300 3027 1396 3101 atque
1415 3040 1495 3103 quse
1513 3020 1545 3084 iu
1565 3019 1746 3085 Strozzieno

207 3135 241 3192 et
268 3130 353 3211 apud
380 3127 644 3211 mythogrsphum
671 3127 805 3191 alterum
833 3127 974 3210 legimns.
1006 3148 1108 3210 neque
1135 3132 1242 3192 tamen
1269 3127 1408 3190 arbitror
1435 3127 1537 3209 ipsum
1566 3126 1746 3211 mythegru

206 3236 306 3319 phum
337 3256 357 3299 a
389 3234 578 3300 scholiorum
610 3233 862 3299 Strezzianorum
899 3239 1028 3298 auctore
1060 3234 1238 3298 adhibitum
1274 3255 1350 3298 esse.
1392 3238 1517 3298 constet
1548 3234 1630 3297 enim
1663 3235 1748 3298 inter

207 3341 427 3424 intellegentes
451 3363 513 3418 ees,
537 3363 614 3424 ques
638 3341 860 3425 mytbogrephi
885 3341 931 3405 illi
955 3340 1114 3417 exhibent,
1138 3341 1261 3406 subules
1284 3341 1451 3405 maximam
1476 3346 1598 3423 partem
1621 3339 1747 3405 fluxisse

207 3472 247 3515 ex
279 3450 511 3514 ‹emmenturiis
538 3449 572 3513 in
599 3448 773 3532 Vergilium
801 3449 999 3532 conseriptis;
1031 3455 1126 3532 etque
1152 3449 1239 3531 prior
1266 3448 1376 3512 fabule
1402 3449 1520 3513 eisdem
1548 3447 1613 3513 lere
1636 3446 1748 3524 verbis,

208 3563 304 3640 utque
332 3557 365 3619 in
388 3554 583 3632 Strozziaue,
611 3556 643 3620 in
667 3555 767 3620 Servii
791 3555 1014 3620 commentario
1039 3557 1155 3638 legitur
1183 3556 1224 3620 sd
1248 3555 1376 3620 Aeucid.
1402 3555 1460 3619 Vll
1484 3555 1549 3619 372
1577 3555 1607 3641 (l
1630 3577 1658 3638 p.
1682 3553 1747 3617 425

208 3663 317 3747 Lion):
349 3662 467 3727 Donec
493 3662 615 3726 Acrisii
641 3666 724 3746 repis
746 3661 939 3744 Arpinorum
966 3664 1054 3744 filio,
1077 3667 1250 3742 postquem
1278 3668 1322 3727 est
1349 3684 1370 3725 c
1397 3662 1471 3726 loce
1499 3663 1629 3739 vitiato,
1651 3667 1749 3741 poter

208 3791 280 3836 coro
301 3770 390 3833 intro
415 3791 524 3833 orcum
546 3769 704 3833 iocbcsom
721 3770 952 3850 praecipitavit
975 3771 1009 3833 io
1031 3791 1128 3833 ocare.
1163 3791 1246 3849 peuce
1269 3771 1376 3834 dolote
1399 3769 1443 3832 ud
1462 3768 1597 3832 Italicos
1621 3770 1749 3832 iri-vento

208 3882 255 3943 cst
277 3899 299 3940 e
316 3878 477 3956 piscatore
503 3898 573 3940 ceos
596 3877 723 3954 Pcrsco,
753 3899 843 3958 quem
869 3876 938 3940 illic
965 3878 1060 3941 ert-ico
1087 3876 1195 3957 secret
1222 3881 1251 3940 ct
1280 3876 1387 3940 oblate
1410 3878 1477 3959 rcpi
1500 3876 1663 3953 Pilumno,
1692 3876 1749 3956 qui

206 4005 278 4049 com
300 3984 361 4047 sibi
388 3982 461 4063 fecit
489 4003 635 4061 usercen
662 4005 730 4046 cum
760 4005 825 4063 que
853 3985 948 4047 etiem
975 3984 1118 4048 Ardeam
1146 3984 1297 4048 coodidit.
1330 4006 1351 4045 e
1375 3983 1489 4063 quibus
1515 3982 1659 4047 Tereum
1683 3982 1749 4046 occ-lt

208 4092 361 4174 eripimur
385 4091 496 4154 (lucere
519 4089 598 4176 (scil.
624 4089 808 4175 Vcrpilius).
842 4092 927 4155 vides
951 4090 1028 4156 hoec
1051 4092 1147 4156 etiem
1170 4091 1299 4175 propius
1322 4090 1362 4155 ud
1387 4090 1569 4156 Strozziana
1592 4091 1749 4166 accedere,

207 4220 302 4281 qnam
327 4197 549 4281 mythegraphi
575 4198 703 4263 secundi
726 4197 835 4270 verbe3
863 4204 969 4263 cetera
992 4220 1067 4263 sene
1091 4200 1123 4262 in
1147 4198 1248 4263 Servii
1271 4200 1516 4276 commentariis,
1544 4198 1598 4281 qui
1622 4197 1749 4281 quidem

209 4307 243 4370 in
266 4304 367 4370 lucem
390 4306 467 4370 editi
491 4310 576 4382 simt,
604 4305 838 4383 desiderantum
862 4307 918 4370 sed
941 4328 1011 4370 cum
1035 4306 1257 4389 mythogrephi
1281 4305 1427 4370 Veticeni
1451 4305 1482 4369 II
1505 4304 1567 4370 fab.
1594 4304 1656 4369 112
1679 4325 1750 4369 cum

208 4411 318 4477 Servio
341 4412 383 4477 ed
407 4413 536 4477 Aeneid.
558 4412 603 4476 Vl
628 4412 706 4488 289,
735 4412 873 4478 eiusdem
897 4412 958 4477 lab.
985 4413 1047 4478 198
1074 4434 1144 4478 cum
1172 4413 1280 4478 Servio
1308 4414 1349 4478 nd
1372 4412 1500 4477 Aeueid.
1525 4412 1539 4476 I
1563 4412 1605 4477 28
1629 4416 1749 4477 eetero-

211 4577 365 4585 -.——--—---
374 4577 422 4583 —-

299 4678 333 4743 ⁶²)
352 4678 442 4734 scribe
463 4677 633 4733 &alendos
663 4680 759 4734 eadem
779 4679 887 4749 Scyllae
911 4686 1000 4733 meter
1023 4684 1072 4734 est.
1102 4679 1175 4733 idem
1199 4680 1326 4734 mendum
1350 4695 1448 4733 nomen
1472 4680 1545 4749 spud
1565 4677 1689 4733 Servium
1714 4679 1750 4733 ad

207 4772 278 4824 Aen.
298 4769 411 4842 111420
429 4768 574 4824 contruxit.

298 4858 332 4924 ⁶³)
352 4858 473 4913 debebat
498 4858 576 4912 Trois
599 4858 811 4928 c1.Apolleder.
836 4860 876 4914 lII
898 4861 937 4913 12.
958 4861 987 4924 2,
1012 4860 1036 4913 2.
1062 4857 1134 4913 idem
1159 4873 1235 4912 error
1257 4857 1316 4913 lere
1336 4858 1465 4913 solemnis
1483 4858 1512 4912 in
1535 4858 1631 4912 eedem
1655 4857 1750 4914 lehula

208 4948 284 5018 opud
303 4955 409 5004 ceteros
428 4950 641 5019 mythogrephos
661 4955 689 5003 ct
708 4949 735 5002 in
755 4949 842 5003 Servii
863 4949 957 5004 codice
976 4948 1224 5018 Guelferbytano·l
1244 4948 1288 5016 (ed
1308 4951 1376 5003 Aen.
1397 4950 1408 5004 1
1427 4951 1472 5017 28)
1491 4948 1615 5004 recurrit.
