3894 5708
323 547 406 611 Cod.
431 544 684 610 Stronuiuuus.

133 670 276 752 delphini
298 671 484 734 delitescere.
514 692 583 734 cum
610 675 716 734 autem
744 671 876 736 adducti

132 782 160 841 et
187 799 249 858 per
284 778 426 858 delphini
461 782 694 842 monuuuutum
727 779 876 842 iterarent

1606 371 1671 435 213

1113 545 1195 613 (lod.
1221 548 1488 631 Frisingeusis.

929 672 1131 751 iussissetque
1145 691 1195 736 eos
1203 692 1264 752 por
1282 672 1425 752 delphini
1439 695 1548 737 munes
1560 675 1670 737 iurare

928 777 1081 842 Arionem
1119 779 1230 857 obisse,
1266 779 1373 844 Arion
1409 781 1447 845 dc
1482 782 1670 845 rnorrimeuto

136 882 282 950 Orionem
305 885 466 970 obisse,⁸⁶)
494 882 594 949 Orion
617 885 655 948 de
676 889 875 950 morucmento
923 886 1045 966 prodit.
1080 886 1166 966 qrrod
1192 885 1244 949 illi
1266 891 1434 967 stupentes,
1463 910 1528 969 qua
1552 888 1670 952 diuini·

127 992 262 1071 prodiit.
295 1013 385 1072 queem
411 991 463 1055 illi
489 992 629 1056 uidentes
656 993 874 1057 obmutuerunt

131 1098 236 1178 ibique
250 1100 335 1181 repis
347 1099 480 1178 imperio
494 1101 580 1163 eruci
594 1099 699 1180 adlici
712 1103 796 1164 siud.
821 1100 873 1163 de-

131 1205 205 1268 hinc
220 1205 306 1269 Iouis
318 1207 520 1271 miseratione
534 1206 661 1283 dicitur,
677 1207 762 1286 ariod
775 1204 875 1270 Orion

131 1331 202 1376 cum
225 1312 372 1392 delphino
395 1314 479 1376 inter
501 1314 658 1400 sicerum)
676 1314 803 1394 positu-s
821 1315 873 1378 sit.

265 1436 313 1501 111
337 1461 366 1520 p.
393 1438 464 1513 168,
491 1439 531 1501 13
551 1478 592 1486 -
617 1439 687 1515 169,
711 1439 739 1503 2.

177 1543 292 1608 Icarus
311 1565 332 1608 α
348 1543 513 1631 liberum)
532 1546 669 1626 hospitio
687 1550 827 1627 receptus
845 1547 874 1610 ei

131 1654 166 1716 in
185 1672 312 1715 munere
334 1655 435 1715 utrem
459 1653 531 1717 uiuo
548 1652 681 1733 plenum
703 1653 873 1717 contribuit

131 1759 294 1840 iussitque,
308 1762 343 1822 ut
357 1760 393 1822 iu
403 1758 546 1840 reliqu-os
554 1763 659 1824 terras
662 1762 871 1841 propapuret.

132 1866 247 1929 Icarus
269 1865 381 1929 deli-inc
399 1865 581 1929 Athenaeus
604 1887 673 1930 cum
695 1868 731 1930 iu
753 1872 873 1930 terra-m

130 1973 272 2037 Atticam
290 1973 334 2036 ad
347 1977 496 2052 pastores
514 1973 694 2051 devenisset,
713 1974 757 2037 eis
775 1993 873 2055 penus

130 2081 188 2144 hoc
205 2080 377 2144 securitatis
396 2081 541 2144 ostendit.
560 2085 710 2161 pastores
728 2101 796 2143 cum
813 2081 872 2144 im-

130 2187 327 2251 moderatius
350 2187 500 2264 biberent,
528 2188 608 2251 ebrii
629 2186 710 2268 sueti
732 2188 872 2252 concide-

130 2297 216 2358 runt.
246 2295 303 2375 qrri
321 2294 517 2357 arbitrantes
531 2294 661 2357 Icarum
678 2295 739 2358 sibi
753 2293 874 2358 oculum

928 997 993 1057 tate
1010 997 1153 1057 seruatus
1166 997 1253 1070 essct,
1273 993 1500 1059 obmutuerunt.
1522 1017 1601 1076 qrros
1614 1017 1671 1060 reu

927 1101 1022 1164 iussit
1045 1100 1090 1163 ad
1113 1099 1256 1180 delphini
1273 1101 1498 1164 mouumentum
1515 1102 1669 1185 crucifipi.

972 1206 1089 1287 Apollo
1116 1212 1222 1270 uidem
1244 1211 1377 1287 propter
1399 1212 1500 1272 adem
1527 1209 1670 1274 citharae

927 1313 1079 1378 Arionem
1097 1319 1126 1378 ct
1142 1313 1325 1394 delphinum
1342 1315 1378 1378 iu
1392 1317 1491 1379 ostris
1499 1316 1669 1401 posuit.⁸⁸)

1193 1438 1255 1503 iub.
1283 1439 1352 1502 130.
1364 1439 1407 1523 ³⁹)

976 1544 1055 1612 Cum
1064 1545 1159 1609 Liber
1170 1549 1268 1626 prater
1286 1545 1331 1609 ud
1349 1546 1488 1610 homiues
1501 1550 1578 1610 asset
1591 1566 1669 1627 pro-

926 1653 1040 1735 fectus,
1072 1656 1107 1714 ut
1137 1671 1266 1716 suorum
1292 1653 1454 1733 heldicum
1480 1654 1670 1717 suauitatem

927 1764 1023 1840 atqrrc
1035 1759 1264 1823 ‹tzrcziuuuonm
1274 1760 1457 1837 ostenderet,
1473 1759 1517 1823 ad
1528 1759 1670 1823 icarium

926 1867 1143 1949 etEripouam
1160 1867 1194 1929 in
1209 1866 1379 1946 hospitium
1393 1865 1522 1930 liberale
1536 1866 1668 1945 deuenit,

925 1974 971 2037 cis
988 1977 1088 2037 utrem
1104 1972 1236 2054 plenum
1259 1973 1326 2037 oini
1347 1973 1471 2037 rurrueri
1494 1972 1581 2037 (leitil
1603 1974 1669 2037 ius-

925 2082 1038 2161 sitque,
1058 2084 1093 2144 ut
1112 2080 1148 2143 in
1162 2079 1305 2160 reliquas
1322 2083 1427 2144 terras
1435 2085 1667 2161 propapareut.

928 2188 1055 2251 Icarius
1079 2187 1231 2267 plaustro
1263 2190 1393 2251 onerato
1426 2208 1496 2249 eum
1527 2186 1669 2269 Eripone

925 2294 998 2375 filia
1017 2299 1046 2359 et
1064 2316 1141 2358 εααε
1159 2294 1256 2358 Mera
1275 2295 1310 2357 in
1328 2298 1446 2357 terram
1464 2293 1606 2358 Atticam
1624 2295 1669 2358 ad

129 2401 390 2465 medicamentum
404 2401 536 2479 dedisse,
551 2421 620 2464 enm
628 2399 766 2481 fustibus
774 2401 873 2465 inter·
920 2407 1068 2483 pastores
1087 2402 1209 2467 deuouit
1227 2404 1255 2465 et
1270 2421 1368 2482 pertus
1381 2401 1553 2465 securitatis
1568 2406 1668 2466 ostem

129 2507 279 2589 fecerunt.
319 2509 448 2571 Icarum
479 2511 584 2571 aretem
612 2509 745 2573 occisum
772 2509 872 2586 conis,

130 2617 187 2696 quei
205 2636 274 2678 cum
292 2637 326 2679 eo
344 2615 463 2696 furerat,
482 2614 587 2678 Neera
604 2617 729 2679 rmniine
742 2613 873 2679 ulrdans

128 2721 295 2804 Eriponae
313 2723 381 2784 eius
394 2721 483 2801 tiliae
496 2723 695 2799 monstravit,
714 2722 768 2785 ubi
775 2725 873 2802 pater

129 2829 307 2909 insepultus
342 2830 468 2892 iaceret.
505 2850 588 2909 quoae
624 2849 693 2892 eum
730 2829 872 2906 uenisset,

129 2934 178 3021 (in
201 2937 255 3013 cis,
278 2957 358 3018 quae
376 2942 534 3011 secuntur,
557 2935 706 3001 librarius
728 2956 790 3000 non
810 2935 872 3000 iam

128 3042 289 3126 Hyginum
317 3043 372 3109 sed
399 3042 563 3126 Nigidium
586 3044 604 3106 i.
624 3063 649 3109 ε.
678 3043 874 3109 Basileensiu

128 3150 294 3236 sequitur).

279 3454 323 3519 IV
347 3477 375 3537 p.
402 3452 474 3531 172,
497 3455 579 3518 6-
600 3453 672 3530 173,
694 3454 725 3517 4.

173 3561 332 3626 Nonnulli
359 3562 484 3638 (tierent,
515 3560 601 3643 queod
628 3560 770 3625 Doricus
795 3559 872 3625 Beli

126 3669 218 3751 filius
248 3689 288 3734 cu
313 3668 464 3748 plu-ribus
494 3669 678 3750 eoriiupibus
710 3668 871 3749 quinqua-

127 3778 220 3859 pinta
251 3775 341 3856 pilius
371 3776 500 3853 habuit;
531 3775 635 3855 frater
667 3778 772 3839 cutem
804 3776 872 3839 eires

126 3883 292 3966 Aeppptus
314 3883 442 3948 totidem
463 3881 558 3962 filios.
590 3880 747 3946 Danaum
767 3886 872 3946 audem

127 3993 157 4054 et
175 3989 265 4070 eilias
282 3991 349 4054 eius
366 3990 542 4070 interficere
559 3988 668 4068 oolrrit,
687 3993 722 4054 ut
741 4010 872 4072 reanum

122 4101 298 4179 paternum
324 4096 411 4162 solus
434 4097 593 4162 obtineret.
626 4117 681 4160 cas
702 4095 783 4176 siliis
804 4097 872 4160 suis

126 4225 242 4269 naeres
260 4225 282 4268 a
299 4202 404 4284 fratre
417 4203 570 4285 poposcit.
599 4200 741 4268 Danaus
753 4224 788 4268 re
802 4222 871 4288 cop·

217 4417 250 4479 θ’)
269 4417 353 4471 abnue
371 4416 403 4471 U.
425 4416 513 4470 obiere
531 4417 557 4471 S.

219 4507 250 4567 ⁸⁷)
269 4507 363 4560 sidera
381 4508 407 4561 S.
428 4512 506 4559 astra
524 4506 557 4562 U.

926 2509 983 2573 dit.
1007 2514 1156 2590 pastores
1174 2528 1242 2572 cum
1264 2507 1503 2571 irumoderatius
1521 2508 1667 2586 biberent,

925 2617 1005 2680 ebrii
1035 2616 1117 2698 sadi
1143 2615 1355 2679 corroideruut.
1390 2614 1446 2694 quii
1473 2614 1668 2680 arbitrantes

927 2723 1069 2787 Icari-um
1095 2722 1156 2786 sibi
1182 2721 1302 2784 neutum
1329 2720 1588 2785 medicamentum
1615 2722 1667 2787 de-

925 2831 1018 2908 disse,
1036 2829 1174 2911 serdibus
1186 2849 1255 2892 eum
1269 2828 1503 2910 interfecerunt.
1524 2830 1668 2893 Icarium

925 2941 1030 3002 auton
1053 2937 1185 3002 occisum
1207 2936 1298 2999 carris
1320 2934 1451 2999 reluctans
1470 2935 1566 3000 Mera
1589 2935 1667 3007 Eri·

924 3066 1026 3127 portae
1053 3046 1121 3109 eius
1147 3043 1238 3124 filiae
1268 3044 1466 3121 monstrauit,
1495 3043 1549 3108 ubi
1570 3046 1668 3123 pater

926 3151 1102 3232 insepultus
1113 3151 1238 3214 iaceret.
1259 3169 1321 3230 quo
1335 3169 1405 3213 cum
1418 3151 1559 3226 uenisset,
1573 3170 1669 3231 super

924 3279 1038 3339 corpus
1059 3257 1208 3338 percutis
1233 3256 1270 3320 in
1296 3256 1410 3321 arbore
1436 3257 1606 3339 suspendio
1635 3276 1668 3321 sc

924 3365 1048 3430 necavit
1050 3414 1170 3429 .....

1215 3452 1277 3517 fab.
1304 3451 1375 3517 168.

968 3558 1110 3626 Danaus
1126 3559 1203 3627 Beli
1224 3558 1315 3640 filius
1336 3579 1376 3623 eu
1391 3558 1542 3640 pluribus
1559 3561 1667 3624 conin-

924 3668 1015 3750 pibus
1048 3667 1288 3751 quoinquapinta
1318 3665 1409 3746 (ilias
1435 3667 1563 3744 nobum
1593 3668 1666 3731 toti-

924 3775 1054 3856 demque
1077 3775 1164 3856 lilios
1185 3773 1290 3854 frater
1312 3772 1491 3855 Aegyptus,
1515 3775 1574 3855 qui
1595 3772 1667 3838 Da-

924 3902 1024 3947 naum
1049 3882 1185 3964 fratrem
1215 3885 1245 3946 et
1276 3879 1367 3960 filios
1397 3881 1465 3944 cius
1490 3881 1667 3961 interficere

924 3988 1035 4066 oolrcit,
1057 3995 1093 4053 ut
1111 4009 1241 4071 repuum
1254 3991 1428 4069 paternum
1445 3987 1532 4052 solus
1550 3987 1666 4054 obtine-

925 4099 981 4160 ret.
1005 4095 1086 4177 filiis
1108 4116 1223 4161 errores
1246 4116 1268 4159 a
1290 4094 1395 4175 fratre
1411 4095 1566 4176 poposcit.
1594 4091 1666 4160 Du·

923 4223 1008 4268 naus
1038 4224 1073 4268 re
1103 4203 1231 4286 capuita
1258 4202 1411 4268 Minerua
1441 4201 1598 4268 adizrtmoe
1628 4223 1668 4268 eu

218 4595 251 4661 ⁸⁸)
269 4596 345 4649 Haec
360 4595 443 4649 verba
458 4595 553 4664 procul
568 4595 650 4649 dubio
666 4610 749 4650 curua
765 4595 884 4660 suerunt,
900 4595 989 4650 curin
1006 4611 1046 4661 eo,
1061 4596 1135 4665 quod
1150 4595 1178 4649 in
1193 4593 1305 4650 scholiis
1319 4592 1484 4649 Strozziauis
1498 4592 1666 4662 exscriptum

127 4693 178 4751 est,
198 4684 300 4755 Hygini
319 4684 445 4753 exemplo
464 4683 575 4739 Arionis
594 4701 692 4740 nomen
712 4684 739 4738 in
755 4682 882 4739 Orionem
903 4690 1063 4751 mutaretur,
1084 4685 1161 4740 cuius
1180 4683 1296 4740 historia
1314 4682 1342 4737 in
1361 4681 1463 4753 Hygini
1481 4681 1584 4736 fabulis
1602 4697 1666 4737 con·
1731 4732 1734 4739 .

126 4773 205 4829 tiuuo
223 4772 355 4841 sequitur.

217 4860 251 4929 ⁸⁹)
270 4861 309 4917 Cf.
330 4861 521 4932 catalogorum
541 4861 697 4932 fragments
715 4864 728 4918 I
747 4864 770 4918 Β
789 4863 806 4917 b
825 4880 852 4932 p.
871 4863 914 4917 40.

218 4953 251 5019 ⁴⁰)
270 4951 352 5006 immo
371 4950 454 5006 Iriber
473 4951 618 5007 abluero.
