3894 5708
450 353 550 407 Sciron.
570 336 663 406 drusi.
683 352 714 405 G.
1248 351 1379 404 Eremos
1399 351 1433 415 11,
1455 348 1495 402 13.
1691 351 1750 415 101

512 530 649 584 mltum·
1007 531 1147 612 eorporis
1175 531 1338 593 inductum
1366 528 1494 610 petiisse
1522 527 1562 591 ah
1591 549 1641 604 ea,
1674 533 1710 590 ut

927 712 931 721 ¹
1006 640 1067 706 sibi
1108 638 1254 711 nuberet,
1294 656 1395 717 neque
1438 636 1635 717 impetrasse3
1677 640 1709 698 et

930 750 937 761 '
1007 747 1145 830 coepisse
1177 743 1350 808 Minervam
1387 761 1454 805 seso
1486 740 1644 805 occultare
1675 739 1707 803 in

1007 876 1043 919 eo
1071 853 1155 927 loco,
1182 850 1234 934 qui
1259 854 1389 932 proptor
1412 846 1544 912 Vulcani
1568 866 1707 910 amorem

1007 958 1217 1043 Hephaestius
1245 962 1293 1020 est
1315 955 1501 1037 adpellatus.
1549 973 1611 1034 quo
1634 973 1706 1035 per·
1735 960 1752 1012 5

1006 1072 1147 1131 secutum
1171 1063 1344 1127 Vulcanum
1376 1061 1483 1125 lerunt
1511 1059 1650 1141 coepisse
1678 1059 1707 1121 ei

1006 1173 1068 1236 vim
1092 1171 1214 1246 afferre,
1238 1175 1271 1233 ct
1294 1191 1365 1232 cum
1387 1168 1499 1250 plenus
1522 1166 1706 1248 cupiditatis

1005 1281 1046 1343 ad
1080 1300 1149 1342 cam
1180 1283 1217 1340 ut
1248 1274 1428 1358 complexus
1459 1294 1492 1337 se
1524 1272 1707 1355 adplicaret,

1007 1385 1153 1468 repulsus
1175 1382 1288 1447 effudit
1310 1381 1342 1444 in
1367 1387 1484 1444 terram
1505 1367 1706 1461 voluptatem.

1006 1515 1067 1574 quo
1098 1490 1251 1564 Minerva,
1283 1487 1404 1570 pudore
1437 1492 1593 1568 permota,
1625 1485 1707 1567 pede
1720 1494 1752 1546 10

1006 1599 1164 1681 pulverem
1189 1595 1304 1659 iniecit.
1338 1616 1376 1658 ex
1399 1592 1459 1657 hoc
1481 1596 1588 1655 autem
1607 1593 1707 1656 nasci-

1005 1712 1058 1769 tur
1082 1701 1306 1767 Erichthonius
1330 1700 1455 1782 orrpnir,
1480 1698 1534 1779 qui
1559 1702 1706 1762 exterra

1005 1819 1037 1875 et
1064 1832 1173 1875 eorum
1201 1808 1394 1872 dissensione
1417 1825 1530 1869 nomen
1558 1805 1705 1886 possedit.

1006 1966 1082 1981 .....
1094 1918 1155 1981 alii-
1178 1920 1283 1978 arrian
1301 1914 1447 1995 opperirier
1466 1916 1591 1976 tontum
1609 1931 1706 1973 muro

1004 2024 1150 2087 retraxisse
1155 2020 1397 2085 Erichthonium
1403 2021 1562 2095 dicerunt,
1574 2037 1706 2100 eumque
1718 2027 1750 2077 15

1004 2131 1106 2213 primo
1152 2134 1293 2210 tempore
1339 2127 1570 2191 adolescentiae
1615 2124 1705 2188 ludos

1005 2236 1165 2300 Minervae
1180 2233 1403 2298 Panathenaea
1421 2231 1532 2296 fecisse
1551 2237 1583 2295 et
1602 2231 1704 2313 ipsum

1004 2343 1166 2425 quadrigis
1189 2340 1376 2413 cucurrisse;
1399 2359 1457 2421 pro
1480 2337 1594 2421 quibus
1613 2336 1705 2401 factis

1005 2449 1089 2512 inter
1110 2448 1217 2512 sidera
1239 2447 1355 2511 dicitur
1378 2445 1567 2511 conlocatus,

1049 2553 1151 2618 Huius
1180 2556 1209 2618 iu
1238 2574 1347 2617 umero
1376 2552 1504 2616 sinistro
1528 2550 1632 2634 Capra
1654 2550 1749 2614 in-20
1777 2548 1880 2614 (ΧΠῙΙ

1004 2668 1089 2725 stare
1112 2667 1143 2725 et
1162 2661 1194 2723 in
1214 2681 1307 2724 manu
1328 2659 1457 2724 sinistra
1473 2659 1577 2723 Haedi
1595 2657 1704 2721 viden·
1767 2636 1886 2706 Amiqo,

1002 2772 1056 2832 tur
1078 2768 1206 2831 formati
1230 2815 1393 2831 ......
1781 2724 1805 2778 C

249 2872 429 2936 redduntur
445 2871 628 2938 Germanici
645 2894 753 2938 versas
771 2878 947 2940 165-170.
1049 2875 1196 2938 Musaeus
1209 2880 1315 2937 autem
1334 2873 1413 2936 dicit
1427 2872 1532 2936 lovem
1551 2873 1705 2935 nutritum

1002 3002 1022 3044 a
1035 2981 1187 3045 Themide
1201 2986 1234 3043 et
1248 2979 1417 3043 Amalthea
1426 2978 1573 3062 nympha,
1592 2975 1704 3060 quibus

1003 3109 1073 3151 eum
1096 3092 1197 3152 mater
1219 3086 1284 3169 Ops
1307 3086 1476 3150 tradidisse
1499 3085 1703 3148 existimatur.
1714 3093 1749 3145 25

1003 3194 1203 3258 Amaltheam
1244 3200 1350 3257 autem
1390 3192 1539 3256 habuisse
1576 3212 1704 3273 capram

278 3366 468 3422 Tssrruours:
488 3367 562 3421 Serv.
587 3369 653 3421 den.
673 3368 691 3420 Ι
709 3372 773 3422 275.

240 3469 261 3511 ⁵.
274 3473 286 3510 s
302 3455 329 3508 in
340 3471 372 3510 oo
387 3456 447 3510 loeo
466 3486 500 3494 —
520 3456 699 3525 radpollatus
711 3473 760 3510 om.
768 3457 797 3509 V.
871 3475 882 3512 r
894 3458 1081 3526 Hephaestius
1092 3458 1126 3523 cf.
1138 3458 1314 3510 Barnaeum
1324 3463 1354 3510 in
1365 3455 1747 3523 Fleckeiseniionnal.1866‚

198 3562 231 3613 p.
254 3547 316 3597 766.
370 3561 383 3599 s
402 3545 561 3613 complexus
586 3545 615 3598 V.
644 3546 799 3613 complexui
820 3547 877 3600 ulii.
939 3566 964 3601 rr
984 3546 1094 3614 anguis:
1113 3547 1164 3600 hoe
1184 3546 1347 3599 recentarium
1366 3565 1384 3598 a
1404 3544 1606 3598 Cotuaterismia
1625 3545 1749 3596 alienum

202 3632 336 3702 Hirpinus
355 3631 475 3701 addidit,
494 3639 526 3686 ut
543 3633 697 3699 faciliorem
716 3634 755 3687 od
773 3634 900 3699 [ahilam
920 3650 1006 3700 prium
1026 3636 1059 3688 de
1075 3635 1202 3703 Cecropia
1218 3634 1294 3701 (irhri
1304 3650 1452 3702 perperam
1466 3632 1621 3700 Erechthei)
1636 3633 1749 3700 filiabus

201 3737 240 3775 ex
258 3721 315 3779 olio
332 3721 410 3786 [onte
428 3721 647 3775 Eratosthenieie
665 3724 881 3790 interposituros
899 3731 967 3790 erat
988 3724 1097 3778 aditam
1114 3725 1167 3777 sthi
1181 3730 1308 3791 pararet.
1403 3740 1429 3777 14
1447 3722 1497 3776 alii
1516 3731 1608 3776 autem
1628 3722 1748 3791 anguina

201 3816 313 3863 tantum
332 3825 412 3864 crura
431 3826 454 3865 e.
475 3828 500 3879 q.
520 3826 554 3864 s.:
575 3809 679 3882 Hypin.
697 3811 753 3877 fat.
774 3815 828 3865 166
847 3813 882 3878 cf.
902 3812 1035 3880 Epimetr.
1054 3812 1080 3867 I.
1152 3829 1178 3867 ss
1197 3811 1278 3888 huius
1293 3812 1319 3866 V
1334 3812 1444 3880 aliique.
1482 3810 1560 3866 cuius
1579 3811 1613 3866 R.
