3894 5708
200 347 264 412 226

199 527 331 609 adparet
354 532 453 591 totam
476 527 721 611 disputationem
744 546 839 591 uuam
857 548 925 592 esse
943 532 1039 610 atque
1063 548 1112 603 ea,
1126 548 1206 610 quae
1225 527 1423 592 Parmenisco
1442 527 1559 592 diserte
1576 525 1744 591 nominato

198 632 399 710 adferuntur,
426 633 522 697 verba
550 656 620 699 cum
643 634 905 717 praecedentibus
928 641 993 699 tam
1016 640 1086 699 arte
1109 635 1290 710 cohaerere,
1317 639 1353 698 ut
1376 634 1483 698 divelli
1505 641 1673 717 nequeant.
1708 642 1743 696 at

199 763 268 805 oum
296 741 413 831 Aratus
441 762 504 805 non
531 742 732 807 mediocriter
760 763 881 807 errasse
909 742 1045 818 dicatur,
1073 764 1177 807 nonne
1204 743 1347 826 agnoscis
1375 743 1509 807 eundem
1532 743 1623 806 illum
1645 740 1742 805 Arati

198 848 464 932 reprehensorem,
482 869 581 932 -quem
604 850 668 914 iam
689 848 739 915 bis
762 849 1046 932 deprehendimus?
1070 871 1173 915 nonne
1192 855 1435 916 cousentanerun
1454 855 1511 926 est,
1532 850 1613 915 haec
1631 849 1743 912 omnia.

199 977 236 1020 ex
260 957 369 1021 eodem
393 957 544 1039 scriptore
568 955 708 1033 fluxisse,
732 957 773 1022 ad
796 957 1029 1023 Parmeniscum
1052 958 1149 1040 igitur
1172 958 1251 1023 duas
1275 959 1358 1034 illas,
1381 979 1459 1042 quas
1482 978 1578 1040 supra
1601 956 1740 1021 indicavi

198 1063 435 1147 disputationes,
454 1085 535 1147 quae
554 1072 627 1128 sunt
646 1064 685 1128 (1ο
705 1063 905 1130 Genieulario
925 1064 970 1128 Vl
988 1088 1017 1148 p.
1036 1066 1089 1140 41,
1110 1065 1266 1142 15-42,
1285 1066 1328 1130 23
1348 1072 1380 1130 et
1399 1066 1438 1130 de
1457 1065 1578 1147 Lepore
1596 1063 1740 1128 XXXIII

196 1194 225 1254 p.
248 1171 298 1247 71,
320 1172 494 1246 19-12,
516 1172 564 1247 12,
588 1177 620 1236 et
643 1172 727 1255 ipsas
751 1173 873 1237 redire?

286 1278 404 1343 lterum
436 1279 653 1344 Parmeniscus
685 1280 833 1344 laudatur
866 1279 943 1343 XIII
970 1303 999 1363 p.
1023 1280 1081 1355 48,
1107 1280 1243 1344 13-21
1274 1280 1313 1344 de
1346 1279 1501 1366 Capuan)
1540 1286 1571 1344 et
1603 1279 1739 1351 Haerhs3

197 1385 242 1450 ita
265 1391 310 1462 ut,
333 1408 395 1469 quo
419 1386 511 1450 modo
534 1386 613 1452 haec
636 1387 741 1451 sidera
764 1387 905 1451 fabulose
928 1387 1123 1470 explicuerit,
1146 1409 1184 1451 ex
1206 1387 1345 1470 Hygino,
1369 1386 1445 1468 quid
1469 1387 1509 1451 de
1533 1407 1641 1450 eorum
1666 1390 1739 1450 ortu

197 1493 326 1570 dixerit,
354 1515 392 1557 ex
420 1493 521 1559 Plinio
546 1496 565 1559 l.
588 1494 607 1558 l.
631 1495 794 1560 discamus
827 1496 912 1576 quod
941 1516 1013 1559 vero
1042 1495 1073 1557 in
1102 1494 1186 1560 ealce
1214 1493 1340 1559 fabulae
1368 1494 1497 1558 additur
1526 1493 1738 1558 Cleostratum

196 1601 332 1684 primum
359 1600 485 1665 Haedos
513 1602 596 1666 inter·
625 1602 730 1665 sidera
758 1601 945 1678 ostendisse,
978 1602 1010 1667 id
1042 1622 1166 1685 quoque
1193 1601 1302 1684 procul
1330 1601 1426 1665 dubio
1455 1622 1494 1665 ex
1521 1601 1631 1665 codem
1660 1600 1737 1664 Par·

121 1776 124 1782 ,
197 1709 333 1773 menisco
357 1707 453 1772 habet
472 1708 629 1792 Hyginus;
653 1730 725 1803 nam
744 1709 823 1773 miro
848 1710 985 1790 quodam
1007 1707 1154 1792 felicique
1178 1730 1251 1773 casu
1274 1708 1468 1784 factumest,
1491 1712 1527 1771 ut
1549 1707 1636 1771 aliud
1660 1727 1735 1790 quo-

197 1838 258 1899 que
281 1816 472 1881 Parmenisci
499 1815 710 1899 fragmentum
737 1822 929 1889 servaretur,
956 1816 989 1879 in
1017 1838 1080 1898 quo
1107 1816 1248 1881 eiusdem
1275 1822 1387 1899 poetae
1409 1838 1472 1880 non
1496 1815 1595 1881 solum
1619 1815 1735 1879 mentio

196 1920 246 2000 fit,
274 1926 331 1989 sed
354 1924 450 1989 etiam
473 1943 594 2000 versus,
622 1924 681 1988 soli
704 1923 751 1987 illi
774 1925 829 2006 qui
852 1929 989 1988 aetatem
1010 1923 1166 2000 tulerunt,
1194 1922 1424 1989 adscribuntur.
1462 1930 1550 1988 extat
1573 1928 1680 1987 autem
1703 1923 1733 1985 in

197 2031 324 2097 scholiis
352 2033 394 2096 ad
421 2031 560 2096 Rhesum
587 2052 614 2095 r.
643 2031 721 2108 529,
748 2031 803 2096 ubi
831 2031 927 2096 verba
954 2039 1073 2116 πρῶτα
1103 2027 1216 2096 δύεται
1244 2043 1359 2116 σημεῖα
1387 2031 1597 2113 explicantur:
1628 2020 1647 2093 δ
1675 2028 1733 2112 μὲν

198 2126 259 2202 σύν
279 2139 510 2222 Παρμενίσκος
533 2145 652 2224 πρῶτα
677 2134 792 2223 σημεῖά
816 2158 896 2224 φησι
920 2139 1076 2223 λέγεσθαι
1099 2129 1158 2215 τὰς
1180 2146 1242 2203 τοῦ
1261 2139 1437 2222 Σκορπίον
1460 2133 1597 2222 πρώτας
1619 2137 1734 2220 μοίρας

198 2235 252 2309 διδ
280 2237 319 2310 ed
351 2237 415 2310 ὑπὸ
443 2253 513 2309 τῶν
542 2238 689 2331 (ίρχαίων
712 2237 821 2322 olivum
845 2237 947 2323 αὐτας
969 2246 1125 2330 λέγεσθαι
1148 2247 1204 2310 καὶ
1228 2236 1280 2310 δτι
1303 2241 1440 2322 ταύταις
1463 2238 1481 2308 δ
1505 2239 1647 2328 Βούτης
1671 2233 1733 2326 ἅμα

173 2377 174 2380 ’
198 2344 331 2435 ἄρχεται
354 2347 595 2418 καταδύεσθαι·
620 2349 854 2438 Κλεόστρατον
878 2360 960 2437 γοῦν
983 2345 1045 2417 τὸν
1073 2352 1225 2417 Τενέδιον
1249 2345 1440 2439 ἅρχαῑονη)
1466 2342 1587 2427 οὕτως·

500 2488 570 2560 ἀλλ’
594 2487 726 2560 ὁπόταν
748 2498 863 2581 τρίτον
886 2484 971 2582 ἦμαρ
996 2487 1051 2561 ἐπ’
1076 2486 1272 2579 ὀγδώκοντα
1294 2494 1409 2579 μένῃσι

497 2604 679 2688 Σκορπίος,
703 2602 748 2680 (λς
771 2594 834 2667 δίλα
857 2604 973 2668 πίπτει
997 2593 1050 2686 ἅμ’
1074 2595 1130 2688 ἠοῖ
1151 2600 1385 2687 φαινομένηφι.

197 2752 298 2813 τοῦτο
323 2745 358 2811 δὲ
382 2747 581 2831 παραδείξας
606 2738 624 2811 δ
649 2746 878 2831 Παρμενίσκος
902 2736 955 2810 ὅτι
978 2741 1177 2810 καταδύεται
1200 2749 1270 2809 κτλ.
1314 2746 1387 2810 hinc
1411 2744 1508 2827 igitur
1531 2743 1621 2807 illum
1645 2742 1730 2807 Cleo·

197 2853 289 2918 strati
317 2875 441 2919 cannen
469 2854 581 2936 legisse
609 2854 750 2936 adparet.
783 2853 990 2918 certissimum
1017 2860 1123 2918 autem
1146 2858 1195 2917 est
1218 2853 1409 2916 I'armanisci
1430 2850 1642 2934 fragmentum
1664 2870 1731 2934 per·

196 2962 297 3024 tinere
319 2983 418 3044 usque
441 2962 482 3025 ad
505 2961 602 3025 rerba
625 2951 747 3024 λοιπὸν
775 2948 837 3024 οὖν
860 2967 918 3046 τῆς
941 2963 1092 3046 (γυλακῆς
1116 2951 1134 3024 δ
1159 2954 1286 3044 καιρός·
1311 2954 1485 3043 ,,ίγρεσθ(,
1510 2957 1542 3021 τί
1564 2956 1732 3041 μίλλετε“,·

196 3088 234 3132 ao
260 3068 310 3133 vel
340 3069 505 3151 sequentia
538 3063 731 3152 ἑπτείτιορον
764 3066 798 3132 δὲ
827 3059 888 3153 τὴν
916 3065 1077 3146 Πλειάδα,
1109 3057 1162 3132 ὅτι
1191 3065 1227 3146 ἐξ
1254 3057 1337 3131 ἑπτὰ
1366 3058 1517 3152 ἀστέρων
1546 3060 1732 3149 σύγκεινται

197 3171 231 3238 αἱ
258 3169 430 3251 Πλειάδες·
464 3164 561 3251 αἐτδς
594 3173 628 3238 δὲ
657 3165 675 3239 δ
704 3165 743 3238 τὸ
772 3163 860 3261 ἧπαρ
892 3182 955 3240 τοῦ
982 3174 1191 3260 Προμηθέως
1224 3173 1366 3253 ἐσθίων,
1399 3164 1445 3251 δίς
1472 3174 1554 3255 φασί
1582 3196 1671 3250 τινες
1697 3191 1733 3236 ex

196 3282 396 3348 Parmenisco
419 3282 577 3364 descripta
601 3303 667 3346 esse
689 3282 859 3347 admodum
882 3282 1007 3346 videtur
1029 3281 1106 3346 mihi
1129 3282 1195 3346 reri
1218 3282 1327 3346 simile.

285 3388 347 3453 Sed
374 3396 543 3474 antequam
574 3388 696 3473 lougius
723 3390 975 3474 progrediamur,
1008 3390 1151 3473 egregius
1179 3390 1307 3473 quidam
1335 3389 1448 3453 llilleri
1477 3389 1652 3453 doctissimi
1677 3385 1733 3450 riri

197 3516 285 3559 error
316 3496 525 3562 confutandus
557 3504 612 3563 est.
668 3497 722 3561 ille
755 3478 837 3561 enirn
870 3497 1043 3583 (Eratosth.
1075 3498 1129 3561 rel.
1163 3519 1191 3580 p.
1225 3497 1281 3581 75)
1318 3497 1394 3573 duo,
1430 3517 1511 3578 quae
1544 3495 1733 3560 Parmenisci

196 3603 320 3667 nomine
347 3603 388 3668 ab
415 3604 539 3688 Hygino
568 3604 768 3680 adferuntur,
795 3604 974 3687 fragmenta
1001 3626 1039 3668 ex
1067 3604 1290 3669 commentario
1317 3603 1498 3679 Homerico,
1525 3624 1620 3685 quem
1648 3601 1733 3665 illum

196 3712 357 3795 scripsisse
385 3711 445 3775 sibi
473 3709 577 3795 fingit,
604 3709 731 3776 fluxisse
758 3714 884 3787 statuit3
915 3717 1084 3795 utrumque
1111 3713 1194 3777 cuim
1220 3711 1322 3776 locum
1350 3732 1420 3775 cunr
1447 3709 1579 3774 Homeri
1603 3730 1733 3775 comma·

196 3820 370 3884 moratione
396 3825 465 3884 arto
492 3819 659 3884 cohaerere
686 3824 786 3902 putat.
839 3819 872 3882 id
899 3820 983 3901 quod
1012 3820 1039 3882 si
1066 3841 1129 3884 nou
1155 3840 1284 3903 prorsus
1312 3818 1403 3896 false,
1430 3823 1464 3882 at
1492 3818 1606 3882 saltem
1634 3817 1734 3880 miuus

196 3934 341 3991 accurate
366 3927 485 3991 dictum
508 3933 563 3991 est.
595 3948 669 3990 nam
692 3927 807 4009 prioris
829 3926 1052 4009 disputationis
1070 3947 1192 3991 summa
1209 3948 1272 3991 uon
1291 3927 1324 3990 in
1342 3946 1379 3990 eo
1398 3932 1550 4002 versatur,
1573 3930 1611 3988 ut
1629 3945 1733 3990 versus

97 4112 100 4118 .
195 4034 380 4099 Homericus
399 4033 581 4117 explicetur,
600 4033 654 4097 sed
673 4040 709 4097 ut
727 4033 828 4098 Ursae
847 4034 975 4098 maioris
993 4034 1059 4098 sive
1077 4033 1215 4098 Plaustri
1234 4033 1504 4098 denominationes
1524 4038 1732 4115 exponantur3

196 4141 297 4207 altera
324 4147 428 4207 autem
456 4141 553 4206 verba
579 4140 709 4206 Homeri
737 4163 811 4206 sano
840 4141 1093 4206 commemoratio
1119 4141 1294 4224 praecedit3
1326 4142 1381 4205 sed
1410 4162 1447 4205 ea
1474 4162 1545 4205 cum
1572 4140 1637 4205 alia
1662 4161 1732 4204 nar-

195 4250 319 4314 ratione
342 4249 497 4326 cohaeret,
521 4269 601 4332 quae
625 4255 657 4313 et
679 4248 807 4314 aliunde
829 4250 931 4332 petita
953 4255 1001 4313 ost
1025 4255 1057 4313 et
1080 4271 1174 4334 quam
1195 4249 1330 4313 maxime
1348 4249 1542 4314 Parmenisoi
1560 4248 1732 4313 sententiae

195 4363 358 4441 repugnat.
390 4358 472 4422 adde
499 4357 584 4439 quod
616 4362 718 4422 totum
750 4355 827 4420 illud
856 4357 1047 4422 Parmenisoi
1074 4355 1285 4440 fragmentum
1317 4357 1356 4421 dc
1383 4355 1502 4420 Haedis
1535 4355 1616 4439 agit,
1647 4356 1732 4457 cuius

286 4592 318 4656 ¹¹)
337 4588 511 4642 Parmenisco
534 4588 568 4642 de
588 4588 678 4657 Capra
701 4605 761 4642 curn
780 4587 919 4642 Nicandro
943 4587 1088 4642 convenire
1112 4585 1228 4642 videtur.
1258 4587 1292 4641 cf.
1312 4588 1396 4641 schol.
1417 4591 1493 4642 Arat.
1515 4589 1564 4642 161
1589 4582 1732 4654 (Nicandri

195 4677 291 4748 fragm.
313 4680 364 4733 114
383 4678 543 4737 Schneider)
562 4672 613 4746 τὴν
633 4675 662 4730 δὲ
683 4671 749 4748 αἶγα
770 4678 928 4747 Νίκανδρος
948 4672 1116 4744 Ξίμαλθείαν
1135 4677 1183 4730 καὶ
1202 4671 1267 4740 Διὸς
1286 4672 1409 4748 (ρόφον,·
1429 4677 1468 4731 ita
1488 4675 1562 4730 enim
1580 4674 1645 4730 MV.

285 4768 319 4829 ¹⁹]
337 4768 402 4822 Post
421 4763 540 4838 ἀρχαῖον
559 4767 716 4822 Meinekius
735 4767 815 4821 Anal.
835 4767 900 4822 Crit.
920 4767 955 4821 ad
975 4768 1148 4821 Athenaeum
1172 4784 1198 4836 p.
1210 4767 1261 4820 122
1285 4767 1386 4821 addere
1410 4766 1469 4821 uult
1492 4759 1610 4834 ποιητὴν
1629 4759 1729 4834 λέγειν.

194 4857 422 4913 Wilemowitzius
444 4857 516 4912 nihil
539 4857 616 4912 aliud
640 4873 721 4927 quam
744 4849 813 4911 ὄντα
843 4856 978 4912 excidisse
1006 4857 1169 4923 arbitratur,
1192 4855 1309 4911 fortasse
1333 4864 1416 4912 recte.
1454 4861 1530 4910 certe
1553 4854 1629 4909 nullo
1653 4854 1731 4908 modo

194 4947 351 5003 Dindorfius
370 4947 523 5004 audiendus
543 4953 592 5014 est,
612 4947 660 5016 qui
678 4942 797 5019 ἀρχαῖον
814 4945 844 5000 in
862 4941 1039 5017 ἀστρολόγον
1058 4945 1158 5000 mutari
1177 4944 1262 5000 iubet.
