3894 5708
300 381 401 436 Senon.
421 378 514 434 omn.
534 377 565 433 G.
584 395 611 449 p.
632 380 692 444 120,
713 381 755 434 16.
1099 387 1102 395 ·
1209 376 1438 442 Hre1uus11,5.
1651 378 1693 442 69

950 557 1052 623 lucem
1070 557 1200 633 venisse,
1222 557 1308 641 quod
1328 575 1440 620 aurum
1458 561 1491 618 et
1508 576 1650 639 gemmae

951 665 985 728 in
999 662 1131 730 obscuro
1146 663 1300 748 fulgorem
1320 662 1446 726 luminis
1461 659 1649 727 efficiebant.

169 998 187 1049 a
242 986 340 1050 Aiunt
367 1006 491 1070 quoqne
519 991 552 1050 et
579 988 681 1051 crines
703 985 803 1068 ipsius
831 1006 898 1048 esse

197 1092 305 1159 stellas
322 1113 403 1176 quae
417 1091 564 1156 videntur
584 1091 642 1158 sub
662 1092 762 1156 cauda
775 1090 897 1155 Leonis.

1277 1198 1324 1258 ΙΙΙ,
1344 1197 1370 1250 4.

242 1306 348 1373 Habet
370 1305 495 1371 Corona
521 1304 628 1370 stellas
651 1304 745 1369 Vllll
777 1304 810 1367 in
838 1307 897 1368 cir·
996 1303 1102 1368 Habet
1116 1310 1221 1370 autem
1235 1304 1343 1369 stellas
1354 1303 1447 1368 Vllll
1462 1304 1494 1367 in
1512 1304 1650 1368 rotundo

197 1414 285 1479 cuitu
306 1414 439 1497 positas,
462 1433 596 1495 quarum
613 1419 679 1477 tres
702 1417 775 1476 sunt
793 1412 897 1493 splen·
952 1410 1136 1493 dispositas,
1163 1412 1219 1476 sed
1242 1434 1281 1477 ex
1303 1410 1353 1476 his
1376 1417 1441 1476 tres
1463 1409 1578 1477 clarius
1600 1430 1651 1474 oe·

154 1530 189 1585 10
198 1519 293 1587 didas
314 1520 357 1586 ad
379 1524 476 1604 caput
498 1517 661 1604 Serpentis
684 1517 737 1556 **
759 1517 897 1584 Arcturi.
951 1518 1028 1586 teris
1051 1516 1198 1585 lucentes.
1662 1522 1695 1578 10

442 2304 610 2373 pmffl
1277 2302 1375 2365 mm

244 2410 391 2477 Ceterum
432 2409 666 2494 Serpenterius,
710 2411 764 2496 qui
804 2433 899 2495 super
997 2409 1188 2493 Ophiuchus,
1211 2410 1268 2490 qni
1290 2409 1381 2489 opncl
1403 2413 1528 2472 nostros
1550 2409 1650 2488 scrip
1754 2403 1801 2457 Vl·

199 2518 402 2602 Scorpionem
416 2516 606 2582 constitutus
624 2521 673 2583 est
686 2524 796 2582 tenens
810 2523 895 2581 utra·
953 2523 1034 2580 tores
1066 2517 1284 2599 Anpnitencna
1321 2520 1366 2578 cst
1401 2515 1517 2592 dictas,
1555 2535 1652 2597 supra
1742 2491 1805 2594 Aa·

155 2635 189 2688 15
200 2646 261 2709 qne
296 2645 392 2689 manu
428 2628 619 2706 serpentem,
654 2623 696 2689 ab
732 2623 898 2708 astrologis
952 2623 1156 2706 Scorpionem
1170 2622 1360 2686 constitutus
1377 2627 1487 2685 tenens
1507 2587 1848 2685 manibusloimim'

200 2732 317 2797 dicitnr
338 2729 436 2794 fuisse
458 2730 635 2813 Asclepius,
658 2731 713 2815 qui
736 2731 811 2795 dum
834 2752 899 2795 me·
953 2750 1095 2813 anguem,
1113 2729 1251 2793 nandium
1267 2748 1381 2808 corpas
1398 2729 1466 2792 cina
1483 2728 1651 2808 implican-

199 2836 322 2903 dicinae
353 2841 423 2902 arte
454 2841 605 2902 uteretur*
625 2842 766 2902 mortuos
797 2836 900 2902 fertur
952 2839 1012 2901 tem
1031 2885 1161 2899 ........
1182 2834 1358 2916 complures
1381 2835 1478 2898 etiam
1500 2836 1652 2917 astrologi

198 2945 375 3010 suscitasse.
399 2965 493 3028 quam
511 2942 552 3008 ob
570 2964 638 3008 rem
656 2945 757 3009 iratus
776 2943 807 3008 in
828 2964 898 3008 eum
952 2944 1037 3008 huno
1055 2941 1277 3024 Aesculapium
1295 2939 1465 3017 finxerunt,
1487 2962 1581 3023 quem
1600 2941 1652 3005 Iu-

198 3051 281 3117 Iovis
313 3052 440 3116 domum
468 3052 535 3117 eius
562 3049 704 3116 fulminis
734 3050 800 3115 ictu
827 3072 898 3134 per·
952 3053 1036 3133 piter
1060 3048 1214 3132 Apollinis
1242 3068 1337 3112 causa
1363 3049 1446 3111 inter
1469 3054 1556 3112 astra
1579 3068 1652 3112 con·

152 3158 310 3235 nocnssit,
345 3156 449 3242 ipsum
483 3177 558 3222 vero
590 3157 730 3241 Apollini
766 3156 899 3222 donasse
954 3157 1077 3221 locavit.
1115 3154 1320 3236 Aesculapius
1352 3155 1436 3219 enim
1467 3175 1539 3218 cum
1571 3162 1698 3219 essetne

74 3276 81 3285 ‘
198 3269 232 3329 et
254 3264 338 3329 inter
359 3270 448 3330 nstra
469 3265 669 3330 constituisse
692 3268 831 3348 putatur.
953 3265 1037 3327 inter
1055 3261 1197 3326 homines
1221 3267 1253 3326 et
1275 3266 1399 3325 tanturn
1423 3260 1580 3325 medicina
1603 3282 1653 3324 ce·

953 3368 1030 3434 teris
1052 3373 1244 3453 praestaret,
1267 3372 1303 3432 nt
1325 3387 1389 3430 non
1412 3367 1493 3431 satis
1515 3367 1544 3430 ci
1567 3367 1652 3430 oide-

952 3481 1042 3541 rctnr
1076 3473 1237 3539 hominnm
1273 3473 1397 3538 dolores
1433 3472 1550 3552 levore,
1591 3473 1654 3538 nisi

953 3583 1048 3647 etiarn
1066 3587 1207 3646 mortuos
1225 3587 1387 3646 revocaret
1405 3579 1446 3644 ad
1465 3580 1575 3656 vitam,
1597 3601 1653 3645 no

952 3689 1077 3754 vissime
1096 3686 1198 3752 fertur
1221 3687 1437 3771 Hippolytum,
1456 3687 1514 3767 qni
1531 3687 1653 3770 iniqni—
1664 3697 1698 3749 25

953 3798 1017 3859 tate
1034 3814 1185 3859 novercae
1199 3799 1227 3858 et
1241 3795 1410 3859 inscientia
1422 3794 1572 3873 parentis
1584 3797 1655 3857 erat

953 3901 1145 3981 interfectus,
1162 3921 1298 3977 sanasse,
1316 3901 1363 3964 ita
1375 3905 1413 3964 ut
1428 3898 1654 3965 Eratosthenes

955 4008 1040 4073 dicit
1063 4007 1214 4072 nonnulli
1230 4006 1390 4073 Glaucam
1407 4006 1532 4071 Minois
1551 4006 1654 4086 filiam

192 4221 218 4259 ro
241 4202 374 4256 lacunam
396 4203 521 4272 sipnavi:
544 4203 667 4273 debebat,
692 4205 739 4273 qui
762 4212 805 4259 est
827 4203 901 4259 inter
991 4218 1016 4258 rs
1030 4217 1148 4270 anguem
1167 4217 1193 4256 rr
1207 4200 1339 4269 astrologi
1350 4217 1400 4255 om.
1416 4200 1445 4254 V.
1493 4216 1519 4255 rs
1534 4198 1696 4253 medium--

156 4294 289 4346 Arcturos
308 4291 349 4345 cel
366 4293 474 4346 Arctos.
955 4290 1144 4360 implicantem
1159 4288 1271 4344 addidit
1280 4289 1412 4358 Hypinna
1422 4288 1546 4342 chrct.
1563 4305 1586 4341 r.
1602 4290 1644 4342 82.
1655 4293 1698 4343 83.

989 4396 1015 4435 ao
1042 4393 1177 4434 novercae
1209 4392 1260 4431 om.
1292 4377 1433 4432 Bnrsiani
1459 4381 1485 4429 et
1511 4376 1604 4429 Bnnti
1635 4377 1700 4431 lnhra'

953 4473 980 4525 et
991 4467 1022 4524 V.
1031 4466 1081 4522 sed
1089 4465 1179 4522 &esee
1187 4466 1291 4535 copon.
1328 4481 1354 4520 re
1363 4462 1488 4519 nonnulli
1498 4463 1633 4519 Glaucum
1645 4471 1698 4532 etc¹

953 4555 988 4623 os.
1001 4556 1203 4626 Melceaqorom
1212 4552 1291 4621 apud
1300 4551 1501 4621 Apollodorum
1511 4552 1551 4605 Ill
1563 4553 1603 4612 10.
1620 4554 1644 4612 3,
1657 4555 1698 4610 10.
