3894 5708
344 407 445 460 Senon.
464 405 557 460 Genu.
577 406 609 460 G.
628 422 654 475 p.
675 408 734 467 150,
755 408 794 461 l'l.
1250 406 1380 460 Haemus
1399 406 1434 471 II,
1453 407 1477 460 'l.
1671 407 1733 473 139

286 585 401 669 Lyram
434 585 569 667 deniquo
601 586 766 668 gentilium
793 586 940 668 opinions
1036 586 1119 671 Lyra
1143 587 1224 649 inter
1247 586 1351 649 sidere
1373 560 1536 649 conlocata
1554 591 1601 649 est
1619 586 1687 662 hac,
1754 583 1866 637 XXIV·

241 693 325 756 inter
352 698 439 757 astra
461 693 655 758 conlocatam
679 693 788 758 dicunt
811 700 940 776 propter
992 700 1028 757 ut
1055 691 1281 758 Eratosthenes
1309 694 1368 768 ait,
1400 693 1439 756 de
1467 714 1573 768 causa,
1605 693 1689 777 quod
1769 673 1858 743 Lym·

242 799 394 865 honorem
413 799 571 875 Mercurii,
593 801 648 882 qui
672 821 740 864 eam
763 800 941 865 condidisse
994 800 1086 865 initio
1113 821 1133 863 a
1160 799 1316 864 Mercurio
1345 799 1429 865 facta
1460 800 1499 864 de
1532 799 1690 864 testudine

243 907 285 971 ad
303 907 540 972 similitudinem
558 907 727 972 testudinis
746 906 855 971 fertur.
891 928 940 971 re·
994 907 1121 990 Orpheo
1153 914 1201 972 est
1228 906 1361 982 tradita,
1393 909 1446 991 qui
1475 905 1631 989 Calliopes
1663 911 1692 970 ct

216 1014 405 1096 ogrodiente
433 1014 531 1097 igitur
553 1013 627 1078 Nilo
655 1014 697 1078 ad
723 1035 795 1079 suos
819 1022 941 1079 meatus
996 1014 1112 1097 Oeaque·
1139 1012 1222 1079 filins
1249 1015 1316 1079 eius
1344 1016 1391 1078 rei
1413 1013 1547 1078 maximo
1570 1013 1690 1078 studio·
1717 1021 1735 1075 5

245 1120 329 1185 inter
351 1125 457 1186 cetera
478 1121 629 1185 animalia
650 1121 762 1184 relicta
780 1122 876 1185 etiarn
893 1128 941 1185 te·
994 1142 1047 1186 sus
1070 1121 1085 1184 f
1106 1120 1137 1184 't.
1182 1121 1290 1204 itaquo
1313 1121 1512 1205 existimatur
1534 1141 1590 1185 suo
1614 1120 1691 1184 arti-

243 1229 336 1293 studo
356 1232 412 1304 est,
435 1248 525 1312 quae,
547 1249 616 1292 oum
635 1226 814 1312 putrefacta
832 1227 942 1292 luisset
994 1226 1065 1293 ficio
1088 1226 1171 1292 feras
1195 1227 1290 1292 etiam
1313 1228 1354 1293 ad
1373 1250 1406 1292 se
1424 1227 1615 1293 audiendum
1633 1227 1689 1292 ad·

244 1339 276 1399 et
297 1336 385 1400 nervi
409 1336 476 1400 eius
499 1335 619 1399 extensi
643 1336 728 1399 intra
751 1336 869 1400 corium
892 1357 939 1399 re-
995 1335 1127 1400 lienisse.
1265 1335 1325 1399 olii·
1348 1340 1453 1400 oulcm
1476 1336 1584 1399 ddunt
1601 1335 1691 1398 Mer·

243 1443 439 1519 mansissent,
452 1441 794 1525 percussaaMerourio
805 1442 941 1507 sonitum
995 1445 1127 1520 curium,
1152 1463 1221 1506 curn
1235 1444 1376 1522 printnm
1395 1442 1499 1523 lyram
1517 1440 1638 1520 fcedssct
1657 1441 1692 1504 in

199 1558 234 1611 10
243 1549 340 1613 dedit.
386 1549 418 1613 in
448 1550 535 1614 cuius
558 1548 797 1614 similitudinem
819 1548 942 1613 Mercu·
1000 1550 1127 1633 Cyllene
1145 1554 1246 1613 leonte
1264 1550 1434 1627 Arcadiae,
1459 1554 1579 1631 septem
1601 1548 1736 1614 chor-10

243 1656 311 1720 rius
334 1656 433 1740 lyram
457 1656 533 1721 feeit
555 1661 587 1720 et
607 1656 734 1739 Orpheo
753 1655 886 1721 tradidit
905 1676 942 1719 eo
996 1658 1052 1722 das
1071 1655 1244 1722 instituisso
1267 1677 1306 1720 cx
1330 1655 1529 1721 Atlantidum
1552 1677 1692 1731 numero,

244 1763 327 1846 quod
350 1770 434 1829 esset
455 1764 548 1828 unius
571 1785 609 1828 ex
626 1763 726 1829 Musis
748 1762 781 1827 id
805 1768 852 1828 ost
871 1761 942 1826 oal—
997 1764 1081 1848 quod
1108 1764 1206 1827 Maio
1237 1784 1305 1827 uno
1333 1784 1370 1827 cc
1401 1763 1536 1828 illorum
1563 1783 1692 1828 rruurcro

244 1869 344 1953 liopes
375 1868 468 1935 filius.
523 1870 599 1935 fecit
630 1876 737 1935 autem
769 1871 798 1934 ci
831 1871 942 1934 cordas
995 1875 1080 1948 essct,
1106 1892 1189 1952 quoe
1212 1871 1370 1935 Merserit
1392 1873 1437 1934 est
1458 1873 1567 1934 motor.

243 1998 354 2043 novem
369 1978 459 2042 iuxta
467 1999 631 2042 numerum
642 1977 810 2043 Musarum.
834 1982 942 2041 tantae

200 2094 235 2149 15
244 2106 377 2168 namquo
392 2085 508 2151 dicitur
521 2084 697 2150 dulcedinis
709 2085 743 2148 in
751 2083 942 2150 modulando

244 2191 354 2269 fuisse,
382 2198 418 2256 ut
445 2192 574 2257 arbores
602 2213 679 2255 saxa
706 2191 823 2257 bestias
846 2198 942 2274 atque

245 2299 361 2365 inferos
384 2301 585 2365 commovisse
609 2304 745 2383 putetur.

1030 2813 1160 2882 Hygn'eus
1175 2815 1204 2865 in
1217 2814 1267 2866 hoc
1281 2813 1370 2866 sidere
1383 2812 1549 2879 explicando
1560 2812 1616 2865 elie
1623 2817 1737 2879 macter

994 2901 1186 2955 Eratosthenis
1206 2901 1412 2954 Uutostcrismos
1431 2900 1499 2954 libro
1517 2900 1621 2967 utitrcr,
1645 2900 1687 2954 ilc
1704 2907 1737 2954 ut

994 2992 1140 3057 utriusque
1158 2991 1336 3043 scantationes
1349 2989 1429 3043 modo
1444 2991 1555 3044 rniaceat
1569 2989 1650 3043 modo
1664 2990 1737 3044 inter

994 3096 1022 3133 se
1041 3085 1186 3147 cornparet.

1030 3187 1041 3223 1
1061 3168 1152 3222 sidera
1170 3167 1269 3221 Dea:
1287 3174 1362 3221 astra
1384 3168 1412 3221 V.
1450 3167 1594 3222 conlocate
1613 3167 1653 3220 R:
1672 3183 1735 3222 con·

994 3257 1092 3311 stituta
1102 3257 1193 3310 DGl'.
1230 3256 1353 3325 eOeagri
1364 3257 1398 3322 cf.
1412 3256 1468 3322 fal).
1479 3261 1522 3310 14.
1552 3255 1735 3311 radlicnisso:

994 3346 1161 3416 adplicuisse
1176 3346 1205 3399 V.
1244 3364 1269 3401 10
1279 3353 1384 3416 septem
1400 3347 1560 3400 chordas-
1575 3362 1600 3400 ιι
1610 3360 1734 3399 numero:

994 3436 1061 3488 leoco
1075 3436 1164 3501 eerhc,
1185 3452 1257 3503 qaae
1272 3451 1305 3488 ec
1321 3434 1523 3489 occursans
1537 3450 1665 3501 ramesse
1681 3450 1736 3488 case

995 3525 1087 3588 clucet,
1107 3524 1237 3594 quinus
1255 3525 1337 3577 tuitio
1355 3524 1493 3590 sequentis
1509 3522 1632 3590 schalae,
1653 3538 1737 3590 queam

994 3614 1223 3683 mythoyrapham
1241 3614 1332 3667 nescio
1351 3629 1430 3679 orion
1448 3617 1557 3667 secares
1576 3611 1609 3665 dc
1628 3610 1737 3680 circulo

996 3702 1134 3756 Mercurii
1151 3702 1250 3768 adfert,
1270 3702 1395 3756 inseruit.
