3894 5708
1720 390 1738 458 i

207 569 303 634 inisse
326 572 456 634 constat.
500 588 572 633 nam
596 589 688 652 quam
708 566 851 655 Hyginus
874 567 913 634 de
936 589 1029 654 capro
1052 574 1162 634 narrat
1184 567 1385 656 fabulam¹⁰)‚
1408 591 1446 636 ea
1468 576 1552 636 certe
1575 593 1675 658 neque
1698 572 1739 637 ab

205 675 358 760 Erigones
381 683 565 758 argumento
583 676 686 741 aliena
708 698 808 760 neque
827 676 1040 743 Alexandrino
1059 682 1154 760 poeta
1175 675 1306 760 indigna
1324 683 1380 753 est,
1402 677 1448 741 ita
1466 683 1503 742 ut
1521 676 1654 743 fortasse
1676 701 1739 743 non

206 783 259 847 hio
280 804 387 847 versus
409 758 546 858 tanturn}
573 783 627 848 sed
651 788 731 859 tota,
760 785 792 847 in
816 805 878 867 qua
900 783 1056 860 adfertur,
1082 785 1224 848 narratio
1251 785 1291 848 ad
1315 783 1472 867 Erigonen
1500 785 1666 851 referenda
1688 786 1739 850 sit.

177 880 181 887 ¹
207 890 263 954 sed
284 895 357 955 utut
384 890 462 955 haee
488 908 599 955 resse
626 889 735 966 habet,
763 891 803 954 ad
827 889 1066 954 Catasterismos
1089 895 1173 955 certe
1199 911 1301 974 neque
1323 911 1445 955 versum
1472 913 1573 975 neque
1601 891 1740 958 fabulam

206 996 311 1061 redire
337 1003 422 1061 recte
454 1003 594 1062 statuere
625 996 703 1061 mihi
735 997 850 1061 videor.
900 997 1007 1079 itaque
1034 1018 1104 1061 oum
1136 998 1167 1061 in
1196 997 1313 1082 Hygini
1341 996 1522 1081 astrologia
1548 1020 1610 1063 οοο
1637 1001 1740 1064 minus

206 1103 322 1169 viciens
349 1102 568 1168 Eratosthenis
594 1123 706 1168 nomen
735 1107 891 1181 occurrat,
918 1110 1028 1168 auctor
1055 1104 1150 1168 semel
1178 1103 1350 1187 Erigonen,
1378 1104 1473 1168 semel
1499 1104 1633 1171 fortasse
1656 1105 1739 1171 Mer·

206 1210 335 1286 curium,
357 1215 391 1274 at
414 1216 499 1275 certe
522 1210 742 1275 duodeviciens
766 1210 1004 1275 Catasterismos
1027 1208 1190 1294 significat.

294 1317 424 1382 Praeter
450 1317 541 1393 haec,
568 1337 648 1399 quae
676 1339 714 1381 ex
737 1315 968 1382 Catasterismii
996 1323 1121 1400 sumpta
1148 1338 1215 1382 esse
1242 1318 1310 1401 ipse
1335 1317 1476 1402 Hyginus
1503 1323 1648 1396 testatur,
1676 1321 1740 1385 ulia

206 1446 329 1508 quoque
356 1423 533 1508 fragmenta
559 1423 651 1487 huius
679 1422 752 1488 libri
775 1444 838 1488 non
861 1425 927 1489 sine
955 1445 1076 1488 summa
1102 1423 1328 1507 probabilitate
1356 1446 1395 1489 ex
1418 1425 1600 1508 astrologia
1626 1427 1739 1492 elicere

205 1553 297 1615 posse
320 1531 398 1595 mibi
421 1531 535 1596 videor.

296 1747 328 1811 ¹⁰)
347 1746 414 1799 Inde
433 1761 449 1798 a
468 1743 558 1799 verbis
578 1744 627 1811 qai
644 1759 705 1797 caer
723 1745 830 1798 scca'saet
848 1744 928 1798 uitem
946 1759 1032 1813 usque
1052 1743 1086 1798 ad
1106 1759 1212 1798 vorsmn
1233 1741 1436 1810 Eratosthenis;
1455 1762 1518 1800 nam
1537 1749 1607 1801 baec
1626 1744 1737 1802 aliunde

206 1834 460 1888 Catasterismorum
483 1832 634 1888 narrationi
658 1833 762 1887 inserta
786 1849 845 1887 esse
870 1832 929 1902 ipse
948 1833 1072 1902 Hyginus
1091 1833 1207 1898 indicat,
1233 1850 1293 1886 cunr
1317 1840 1415 1903 pergat
1433 1835 1484 1888 alii
1506 1834 1605 1888 dicum
1622 1835 1738 1889 Icarum

206 1940 230 1977 c.
245 1941 271 1992 q.
286 1940 307 1977 s.
322 1929 442 1977 ceterum
457 1921 553 1977 fabula
570 1938 624 1975 non
644 1929 687 1975 est
705 1921 826 1991 indigna,
846 1937 916 1990 quae
935 1921 1042 1991 longius
1060 1922 1233 1985 inlustratum
1254 1923 1325 1991 qnod
1345 1939 1405 1976 cum
1423 1926 1475 1977 boc
1494 1923 1554 1978 loco
1572 1924 1665 1979 iacere
1683 1942 1737 1978 uon

205 2012 321 2081 possim,
344 2012 475 2066 nonnulla
494 2018 586 2065 tarnmr
606 2011 692 2079 digito
711 2013 875 2065 monstrabo.
904 2011 957 2064 duo
976 2010 1047 2064 enirn
1067 2013 1119 2065 hac
1137 2011 1296 2065 narratione
1315 2019 1490 2080 exponuntur
1508 2007 1596 2075 alita,
1620 2013 1736 2082 primum

204 2100 376 2155 Aseoliorum
403 2100 491 2168 origo,
519 2106 576 2154 tum
604 2116 653 2153 cur
680 2100 757 2168 capri
785 2100 965 2153 immolentur.
1011 2101 1062 2154 boc
1089 2099 1151 2168 ipsa
1173 2099 1268 2153 fabula
1292 2100 1384 2166 docet,
1413 2101 1481 2156 iliud
1510 2118 1562 2155 nou
1586 2101 1680 2171 inepte
1703 2114 1755 2156 ex'

204 2190 284 2244 ovid.
307 2189 369 2244 last.
390 2191 401 2243 l
424 2191 477 2244 353
495 2206 516 2244 s.
540 2188 703 2242 concludere
727 2187 794 2242 mibi
818 2189 919 2243 videor.
961 2204 1120 2257 comparare
1144 2188 1220 2242 iuvat
1243 2189 1381 2244 Leonidae
1400 2190 1542 2244 Tarentini
1568 2191 1737 2260 epigramma

203 2280 326 2343 (Autbol.
345 2278 402 2333 Pal.
422 2278 462 2332 IX
481 2280 536 2343 bib:

509 2376 512 2382 '
573 2359 676 2432 Ἱξαλος
695 2361 834 2436 εέπώγων
853 2361 933 2436 αἰγὸς
950 2360 1033 2430 πόσις
1052 2358 1083 2420 ἓν
1101 2361 1169 2419 ποθ’
1188 2359 1266 2436 ἆλωῇ

627 2448 702 2524 οἷ’νης
720 2450 785 2518 τοὺς
804 2450 930 2518 ἁπαλοὺς
948 2450 1055 2519 πάντας
1074 2448 1161 2525 deame
1181 2450 1307 2520 κλάδους,

575 2548 614 2616 ιῷ
633 2539 659 2597 δ’
680 2539 747 2608 ἔπος
766 2539 800 2597 ἐκ
818 2544 898 2613 γαίης
916 2539 977 2597 τόδ’
997 2537 1069 2598 cique
1085 2539 1185 2613 ‘recipe
1205 2539 1333 2606 κάκιστε,

627 2637 768 2703 γναθμοῑς
786 2626 926 2703 ἡμέτερον
944 2636 1038 2702 κλῆμα
1056 2628 1089 2686 τὸ
1109 2628 1306 2703 καρποφόρον

575 2721 638 2792 ῥίζα
657 2717 712 2792 γὰρ
732 2715 853 2789 ἔμπεδος
871 2712 943 2776 οὖσα
962 2717 1046 2775 πάλιν
1064 2716 1152 2791 γλυκὺ
1173 2719 1276 2792 νέκταρ
1295 2717 1392 2791 ἀνήσει

626 2799 715 2865 iocos·
733 2806 895 2864 ἐπισπεῖσαι
915 2811 968 2869 ool.
989 2805 1084 2881 τράγε,
1105 2805 1256 2882 θυομένῳ.)

202 2937 276 3005 quod
297 2936 384 2989 latine
402 2934 443 2989 ita
461 2935 553 2990 reddit
571 2935 685 2989 Ovidius
704 2936 721 2988 l.
741 2935 758 2988 l.

557 3061 624 3115 rode
643 3076 727 3130 caper
746 3059 837 3126 vitem,
856 3066 948 3114 tamen
967 3060 1032 3135 binc
1051 3077 1111 3115 cum
1131 3061 1217 3115 stabis
1237 3061 1375 3126 adaram,

627 3150 654 3202 in
674 3156 722 3203 tua
742 3150 812 3218 quod
831 3149 924 3219 spargi
943 3166 1044 3204 cornua
1063 3151 1157 3219 possit,
1177 3150 1239 3204 erit.

202 3276 278 3330 idem
307 3274 333 3327 in
362 3273 471 3328 luceius
499 3274 636 3328 contraxit
662 3273 773 3328 Euentu
801 3273 961 3329 Ascalonita
988 3256 1071 3328 lluth.
1092 3276 1148 3329 Pol.
1168 3276 1208 3328 IX
1233 3277 1280 3339 ib,
1309 3280 1339 3328 ut
1361 3275 1487 3344 picturae
1510 3276 1736 3332 subscriberetur.

202 3380 270 3417 nam
294 3380 381 3432 nuper
404 3363 529 3431 Pompeis
553 3363 661 3431 pictura
685 3371 763 3416 cruta
788 3371 830 3417 cst
852 3363 880 3416 iu
905 3379 958 3431 qua
982 3364 1058 3431 capri
1078 3369 1106 3417 ct
1124 3370 1266 3433 peccatum
1287 3371 1315 3418 et
1334 3380 1422 3433 poena
1441 3381 1571 3434 expressa
1589 3373 1664 3433 sunt;
1688 3368 1736 3421 ad-

202 3453 308 3522 pictum
337 3459 427 3505 autem
457 3457 499 3504 est
526 3451 614 3505 Eueni
643 3451 819 3521 epigramma.
865 3452 1075 3521 diligentissime
1103 3452 1178 3506 edita
1207 3458 1250 3507 est
1276 3453 1386 3522 pictura
1413 3454 1486 3507 Mon.
1512 3454 1537 3508 d.
1562 3455 1582 3508 l.
1607 3455 1631 3508 X
1655 3458 1690 3511 36
1709 3462 1736 3509 et

201 3548 334 3597 accurate
358 3541 496 3609 explicata
515 3542 643 3594 acarolo
655 3540 775 3608 -Diltbey
795 3544 864 3595 Αοο.
884 3542 908 3594 d.
929 3541 950 3593 I.
971 3542 1040 3595 1876
1058 3559 1084 3610 p.
1104 3543 1156 3595 294
1166 3557 1187 3595 s.
1208 3541 1254 3610 qui
1273 3542 1307 3595 de
1326 3541 1416 3595 Eueni
1435 3542 1633 3611 epigrammate
1653 3544 1735 3597 etiam

202 3632 232 3684 in
257 3638 457 3698 programmate
481 3629 626 3683 Turiconsi
649 3630 707 3698 egit
734 3629 978 3699 (Epigrammatum
1002 3646 1161 3698 graecorum
1185 3631 1311 3699 Pompeis
1334 3638 1506 3699 repertorum
1532 3632 1618 3693 trias).
1659 3633 1736 3687 vides

202 3734 287 3788 quam
315 3724 380 3772 nota
408 3718 603 3787 popularisque
631 3718 736 3773 faltelia
763 3719 854 3773 suerit.
893 3720 1007 3774 candem
1036 3719 1133 3787 igitur,
1162 3736 1242 3788 quarn
1267 3719 1381 3775 Ouidius
1409 3727 1458 3781 et..
1478 3721 1500 3773 si
1524 3728 1599 3775 recte
1622 3722 1736 3784 conieci,

202 3808 401 3861 Eratosthenes
426 3808 452 3860 in
478 3807 599 3875 Erigone
622 3808 705 3861 latius
729 3817 926 3877 exposuerunt,
949 3808 1116 3878 Porphyrius
1139 3809 1173 3862 de
1197 3808 1365 3862 abstinentia
1383 3810 1417 3867 ΙΙ,
1439 3811 1472 3862 10
1495 3808 1633 3878 significat
1656 3811 1683 3863 iu
1704 3826 1737 3864 ca

202 3896 268 3949 libri
293 3896 404 3950 secundi
428 3903 519 3965 parte,
544 3912 624 3964 quarn
650 3904 698 3950 aut
720 3898 754 3951 de
778 3897 834 3951 suis
858 3904 906 3951 aut
929 3914 964 3951 ex
983 3896 1038 3951 alio
1061 3898 1136 3951 sonte
1155 3897 1339 3965 Theophrasti
1359 3897 1540 3966 disputationi
1560 3899 1736 3968 interposuit3

201 3985 274 4040 dicit
301 3985 371 4038 enim
401 3978 467 4054 αἶγα
495 3980 521 4036 δ’
551 3981 582 4038 ἐν
609 3980 712 4060 ἸκαρΙςι
746 3989 794 4053 τῆς
825 3986 944 4054 ,strong
972 3981 1162 4055 ἐχειρώσαντο
1190 3990 1313 4055 πρῶτον,
1342 3975 1385 4039 ‹i'rr
1413 3979 1542 4054 ἄμπελον
1568 3982 1736 4057 ἀπέθρισεν.

200 4073 368 4142 Bernaysius
388 4074 496 4143 quidem
515 4074 730 4143 (Theophrastos
750 4077 819 4127 bbm
837 4075 881 4129 die
901 4075 1100 4143 b'rbmmiglreit
1118 4092 1143 4143 p.
1165 4078 1208 4130 eb
1228 4078 1277 4129 boc
1298 4092 1405 4144 qnoque
1424 4075 1569 4129 frustulum
1594 4091 1627 4129 cx
1647 4077 1736 4130 Theo-

201 4167 316 4233 phrasto
335 4161 445 4216 tinxisse
464 4163 626 4231 suspicatur,
651 4164 678 4217 id
698 4166 769 4231 quod
788 4164 895 4217 cautius
915 4164 941 4217 in
962 4163 1051 4218 medio
1070 4164 1263 4232 relinquemus.
1301 4165 1394 4218 variae
1413 4173 1504 4218 autom
1525 4165 1551 4217 in
1571 4165 1736 4233 antiquitate

201 4251 466 4306 circumferebantur
484 4253 663 4314 narrationes,
683 4269 753 4321 quae
773 4269 866 4306 omnes
885 4254 911 4306 in
928 4253 1063 4307 uariorum
1079 4253 1274 4307 sacrificiorum
1289 4253 1441 4322 originibus
1459 4252 1630 4322 explicandis
1645 4270 1735 4307 versa·

201 4343 310 4395 bantur.
339 4341 391 4393 huc
411 4339 515 4393 iaciunt
534 4358 568 4395 ea
586 4342 676 4395 omnia
696 4357 769 4410 quaa
781 4342 894 4395 Ovidius
910 4342 926 4394 l.
943 4358 962 4396 s.
978 4343 1063 4396 babet
1082 4342 1217 4411 exempla.
1236 4344 1290 4395 huc
1309 4342 1420 4411 egregia
1440 4342 1489 4396 illa
1503 4349 1586 4410 atquc
1601 4342 1736 4397 irrisionis

200 4430 287 4501 plena
310 4429 441 4490 narratio,
470 4446 550 4497 quam
575 4431 697 4500 Hyginus
722 4432 747 4484 ll
768 4432 801 4485 lb
824 4432 858 4484 de
881 4431 1043 4484 Prometheo
1067 4431 1159 4484 nescio
1183 4447 1262 4499 quem
1286 4439 1439 4496 auctorem,
1464 4438 1539 4485 certe
1562 4447 1614 4484 non
1638 4431 1735 4485 Erato-

201 4521 340 4582 sthenem,
369 4525 478 4571 secutus
507 4520 622 4587 profert3
651 4520 728 4573 cuius
756 4520 922 4574 narrationis
946 4519 1110 4588 elegantiam
1135 4520 1291 4575 obscuravit
1314 4520 1363 4574 ille
1386 4521 1509 4588 quidem,
1537 4519 1648 4575 minime
1672 4537 1736 4574 sero

201 4604 321 4663 sustulit.
358 4607 412 4661 iam
433 4608 520 4673 vides,
544 4624 625 4677 quam
644 4617 703 4662 arte
722 4611 791 4663 baec
810 4608 900 4663 omnia
919 4611 1085 4663 cohaereant
1105 4626 1165 4662 cunr
1185 4610 1345 4678 quaestione
1365 4609 1392 4662 iu
1412 4610 1633 4678 pbilosophorum
1654 4609 1735 4663 ‹lisci-

200 4697 288 4768 plinis
311 4696 379 4750 miro
403 4696 493 4750 studio
517 4704 648 4761 tractata,
673 4713 742 4765 quae
767 4704 808 4752 est
832 4700 866 4752 de
890 4698 999 4763 hostiis,
1023 4698 1057 4751 de
1081 4714 1135 4766 qua
1158 4699 1313 4767 praeclare,
1339 4706 1369 4752 ut
1392 4700 1474 4761 solet,
1500 4698 1651 4768 disputavit
1670 4701 1735 4754 Ber·

200 4785 314 4856 naysius
333 4785 359 4839 iu
380 4802 412 4839 eo
431 4803 510 4853 quem
531 4787 609 4839 modo
628 4786 738 4840 laudavi
758 4786 861 4841 libello.
899 4786 978 4841 vaide
998 4787 1084 4851 (laico,
1104 4788 1174 4855 quod
1194 4804 1265 4841 nnnc
1285 4787 1395 4856 quidum
1416 4788 1443 4844 iu
1463 4793 1591 4853 aetatem,
1611 4805 1665 4856 qua
1684 4790 1736 4843 bac

200 4875 373 4931 narrationes
397 4883 473 4929 ortae
496 4875 563 4940 sint,
588 4876 742 4931 accuratius
765 4875 904 4946 inquirere
929 4893 1042 4945 nequeo.
1080 4893 1142 4930 narn
1166 4893 1269 4946 paucas
1293 4893 1385 4932 earum
1411 4884 1507 4947 quarto
1530 4878 1641 4932 saeculo
1664 4877 1736 4933 anti·

201 4965 313 5038 quiores
331 4981 391 5020 esse
410 4964 540 5035 suspicor.
