3894 5708
200 344 264 410 218

199 523 397 606 Lycarpns
410 545 452 588 ea
465 524 596 588 insecta
610 523 720 587 Narco
739 523 914 587 ediderat
928 523 1074 607 (eiecerat
1088 524 1238 588 Bartbius
1253 524 1360 607 recte).
1384 545 1486 589 nonne
1501 525 1634 607 adparet
1648 523 1737 588 idem

198 631 346 695 mondum
359 631 393 695 in
407 652 452 708 11,
468 652 529 713 quo
540 630 793 696 Strozzianorum
807 637 917 696 auctor
930 630 1089 707 utebatur,
1098 631 1216 714 Hygini
1231 629 1410 695 fabularum
1424 631 1565 714 exemplo
1578 631 1742 696 extitisse?

286 739 429 821 Denique
457 759 537 821 quae
551 740 598 801 in
625 739 757 803 Arcadis
785 737 895 802 fabula
918 738 1102 821 exponenda
1129 736 1330 804 Strczzianus
1357 739 1449 821 plura
1477 737 1618 815 exhibet,
1644 759 1744 822 quam

198 845 400 922 Basilcensis,
428 847 615 929 deprompta
642 851 715 910 sunt
743 845 848 909 omnia
870 867 908 910 cx
931 844 1049 929 Hygini
1072 844 1134 910 fab.
1160 846 1237 922 1763
1267 851 1341 911 sunt
1363 851 1468 910 eutem
1490 845 1582 910 haec:
1609 844 1745 928 Pelasgi

198 953 286 1032 filins
309 952 329 1017 S
353 976 382 1036 p.
410 954 552 1030 123,11,
583 953 711 1035 Petaspr‘
737 953 841 1034 [iti-am
868 952 981 1035 Hygin.
1004 975 1033 1036 p.
1058 952 1110 1028 30,
1130 954 1157 1018 8.
1190 952 1349 1017 Arcadem
1372 1003 1379 1016 .
1401 1002 1407 1016 .
1429 1002 1436 1017 .
1457 1001 1465 1016 .
1487 953 1528 1017 'de
1555 953 1647 1017 enine
1664 957 1744 1033 post

198 1061 323 1124 nomine
344 1060 491 1124 Arcadia
519 1061 605 1124 dieta
632 1064 677 1124 est
705 1058 726 1125 S
749 1083 779 1143 p.
806 1060 877 1135 123,
897 1060 951 1124 91.
973 1058 1094 1136 Arcas,
1124 1060 1180 1140 qai
1212 1081 1249 1124 ea
1271 1081 1329 1124 sno
1352 1061 1478 1124 normae
1500 1064 1604 1124 terrac
1626 1080 1743 1125 nomen

139 1232 142 1238 ,
198 1166 318 1229 indidit
349 1166 461 1250 Hygiu.
489 1189 517 1251 p.
543 1167 599 1243 30,
617 1168 646 1232 9.
679 1172 835 1247 temptans
862 1166 968 1230 Iovem
998 1171 1106 1230 atrum
1137 1167 1213 1231 dens
1245 1171 1322 1231 esset
1354 1166 1428 1251 Sp.
1454 1167 1526 1242 123,
1547 1166 1596 1230 13.
1633 1166 1743 1232 Iovem

198 1277 349 1351 temptare
371 1274 537 1338 coluerant
560 1276 676 1338 deusne
698 1279 775 1338 esset
799 1273 912 1357 Hygin.
935 1296 964 1357 p.
984 1274 1037 1351 30,
1059 1276 1108 1338 10.
1141 1294 1237 1354 coque
1256 1275 1321 1338 toea
1340 1274 1499 1339 deitatem
1517 1277 1741 1351 constructam,

198 1400 281 1459 anae
301 1380 459 1460 Truperos
481 1381 648 1462 adpellata
672 1386 716 1445 est
735 1381 755 1445 S
775 1403 804 1464 p.
826 1381 898 1457 124,
918 1380 947 1444 2.
980 1401 1014 1445 10
1033 1380 1099 1445 1101
1113 1384 1226 1461 postea
1244 1379 1350 1445 Arcas
1369 1381 1520 1461 appddnm
1538 1381 1742 1445 concremate

198 1486 283 1567 qaod
309 1488 467 1568 Trapezos
490 1490 675 1552 reordinatur
693 1488 806 1572 Hygin.
826 1511 855 1571 p.
875 1488 927 1565 30,
948 1488 997 1552 13.
1031 1494 1170 1553 ceterum
1193 1510 1231 1552 ex
1254 1488 1304 1552 his
1326 1488 1486 1571 intellegis
1509 1508 1572 1551 non
1591 1494 1742 1571 excerpta

197 1594 365 1677 quaedam,
397 1597 453 1660 sed
480 1596 618 1660 codicem
646 1596 747 1678 ipsum
776 1594 953 1660 fabularum
982 1594 1232 1679 Hyginianarum
1260 1595 1382 1661 auctori
1403 1595 1522 1663 borum
1549 1595 1742 1660 scholiorum

196 1707 323 1784 praesto
347 1702 444 1768 1111111
467 1702 508 1767 ab
532 1724 631 1786 eoquo
653 1724 711 1785 per
734 1707 837 1766 totum
859 1723 937 1785 opus
961 1703 1137 1767 consultum
1161 1724 1235 1767 esso.

285 1809 407 1873 Deinde
434 1810 467 1873 in
495 1810 616 1875 duabus
644 1809 760 1873 fabulis
783 1809 1001 1874 additamenta
1024 1810 1181 1892 quaedam
1203 1815 1385 1886 occurrunt,
1413 1830 1493 1894 quac
1517 1831 1586 1875 cum
1609 1809 1740 1874 alterius

196 1915 417 2000 mythograpbi
445 1917 606 1994 Vaticani,
638 1918 692 2000 qui
720 1922 863 1993 vocatur,
895 1916 998 1981 verbis
1026 1915 1104 2003 (lab.
1130 1916 1465 2001 110.112.198)in
1487 1924 1678 2000 congruunt,
1705 1921 1740 1980 ut

196 2045 234 2088 ex
262 2044 299 2088 11
328 2024 486 2107 exscripta
514 2045 581 2089 1110
603 2025 704 2089 videri
731 2025 861 2107 possint.
893 2028 1059 2107 utramque
1084 2022 1224 2088 fabulam
1246 2023 1298 2088 hic
1324 2023 1470 2089 adscribo
1497 2024 1556 2101 ita,
1583 2030 1632 2101 ut,
1660 2044 1739 2107 quae

195 2152 234 2195 ex
257 2130 286 2196 G
308 2130 475 2206 fluxerunt,
497 2131 594 2196 verba
616 2131 733 2196 litteris
752 2131 863 2207 solitis,
886 2152 967 2213 quae
990 2153 1030 2196 ex
1048 2131 1083 2209 B,
1107 2131 1276 2208 inclinatis,
1299 2152 1379 2214 quac
1402 2132 1537 2216 denique
1555 2154 1595 2197 ex
1612 2131 1737 2215 mytho-

194 2238 315 2321 grapho
343 2238 498 2319 Vaticano
530 2238 641 2303 addita
673 2260 740 2304 esse
773 2237 935 2314 videntur,
966 2238 1063 2303 latius
1090 2237 1253 2322 dispositis
1285 2237 1490 2322 distinguam3
1522 2239 1611 2322 prior
1642 2239 1739 2322 igitur

195 2343 303 2409 fabula
325 2351 374 2410 est
397 2345 437 2410 de
460 2345 589 2410 Perseo:

463 2468 672 2534 Strozzianus.
1164 2468 1385 2554 Mythograph.
1408 2469 1509 2535 Vatic.
1534 2469 1573 2534 ll.

194 2593 221 2646 p.
243 2576 301 2642 147,
323 2578 382 2630 1—
395 2575 454 2645 148,
474 2577 499 2629 3.
519 2576 553 2630 cf.
575 2576 677 2630 Gatast.
697 2574 794 2644 fragm.
813 2593 840 2644 p.
861 2577 939 2631 1301.
1300 2575 1355 2630 fab.
1376 2577 1436 2630 110.

241 2665 372 2731 Perseus
396 2667 523 2748 quidem
546 2687 584 2730 cre
601 2666 677 2730 loce
698 2671 726 2729 et
743 2665 861 2731 Danae
879 2687 939 2730 aa·
1039 2666 1212 2732 Acrisius
1253 2688 1318 2730 rex
1355 2666 1580 2749 Argivorum
1616 2666 1740 2749 accepit

195 2779 254 2839 tas.
280 2772 401 2857 Iupiter
419 2778 525 2837 autem
544 2775 576 2836 in
596 2774 836 2839 similitudinem
849 2773 938 2838 aurei
993 2796 1191 2858 responsum,
1214 2794 1297 2850 eum,
1322 2774 1375 2857 qui
1399 2794 1437 2837 ex
1460 2772 1527 2838 filia
1550 2777 1741 2848 nasceretur,

194 2880 305 2945 imbris
332 2901 366 2946 se
392 2880 621 2945 transformans
655 2880 770 2945 delusit
798 2882 938 2958 Danaen,
993 2881 1088 2947 morti
1117 2880 1179 2945 sibi
1206 2902 1333 2945 causam
1360 2880 1516 2957 futurum3
1545 2881 1630 2945 unde
1653 2881 1741 2944 solli·

195 2988 334 3053 Acrisii
384 2990 485 3071 regis
535 2987 758 3075 Argivorum
807 2987 938 3053 filiam.
994 2989 1075 3053 citus
1099 2996 1218 3052 turrem
1237 3008 1368 3052 aeneam
1387 2988 1463 3052 10011
1482 2986 1742 3052 etineafiliam

194 3115 304 3178 quam
327 3099 436 3178 pater
454 3100 652 3179 postquam
675 3117 695 3158 a
713 3095 799 3159 love
822 3096 938 3159 vitia·
994 3095 1124 3160 Danaen
1145 3096 1251 3178 posuit
1274 3145 1281 3158 .
1301 3143 1308 3158 .
1328 3080 1612 3177 .'lupiter‘autcm
1631 3115 1743 3161 versus

195 3207 270 3266 tam
301 3204 493 3285 cognovit,
526 3204 627 3265 inter
660 3223 783 3265 arcam
815 3202 938 3266 inelu-
994 3205 1027 3266 in
1051 3186 1184 3266 imbrerir
1207 3222 1335 3266 auream
1359 3222 1415 3285 per
1442 3201 1621 3285 tegularum
1644 3200 1744 3267 rimas

196 3309 285 3374 dens
318 3308 592 3392 praecipitavit
625 3310 663 3372 in
696 3330 803 3374 mare.
844 3330 938 3391 quae
994 3310 1035 3375 ad
1063 3309 1149 3373 illam
1182 3330 1215 3373 se
1242 3292 1370 3373 demisit
1401 3315 1434 3373 et
1460 3309 1622 3391 gravidam
1657 3308 1744 3374 iecit.

196 3415 325 3481 delata
360 3417 406 3481 ad
443 3416 596 3481 ltaliam
635 3416 791 3480 inventa
826 3422 883 3480 est
919 3437 939 3480 a
994 3437 1065 3499 quo
1116 3421 1307 3499 comperto
1345 3422 1467 3499 'pater
1512 3437 1591 3479 eam
1638 3417 1748 3483 iutra

196 3525 354 3608 quodam
390 3523 582 3605 piscatore
615 3528 652 3586 et
682 3522 812 3587 oblate
844 3523 938 3605 regi,
994 3545 1117 3588 arcam
1158 3523 1342 3587 inclusam
1385 3523 1665 3608 praecipitavit
1708 3524 1748 3590 in

196 3632 354 3716 quicum
375 3629 447 3694 sibi
470 3629 745 3706 fecituxorem,
769 3652 939 3695 unacum
994 3651 1108 3706 mare,
1140 3651 1234 3712 quae
1266 3629 1312 3693 ad
1340 3629 1491 3694 ltaliam
1524 3629 1655 3695 delata
1688 3631 1749 3698 in·

195 3738 345 3813 Perseo,
373 3758 480 3819 quem
507 3737 617 3800 enixa
641 3741 699 3802 est
725 3738 763 3801 in
785 3736 938 3824 mari.⁵⁰)
995 3742 1105 3801 venta
1133 3740 1189 3801 cst
1212 3758 1232 3800 1
1258 3736 1450 3818 piscatore
1477 3758 1558 3801 cum
1586 3736 1750 3818 Perseo,

196 3845 252 3925 qai
274 3845 429 3909 rnissuec
450 3837 624 3924 Polydecte,
650 3865 719 3927 repe
740 3842 939 3909 111110080-
996 3865 1100 3927 quem
1136 3843 1221 3908 illic
1257 3843 1368 3908 enixa
1404 3850 1499 3920 erat,
1537 3849 1573 3908 et
1612 3845 1752 3913 oblate.

194 3951 291 4032 ciphi,
307 3951 442 4034 quaem)
458 3955 585 4030 accepta
600 3973 622 4013 a
637 3951 800 4015 Mercurio
814 3950 939 4015 talaria
995 3951 1090 4033 regi,
1127 3952 1190 4033 qui
1227 3971 1305 4014 eam
1342 3950 1416 4016 sibi
1453 3951 1491 4015 in
1524 3952 1753 4036 coniugium

195 4063 224 4123 et
252 4080 273 4121 a
304 4056 447 4121 Volcano
475 4078 578 4138 serpen
609 4059 856 4122 adamantinam
883 4081 941 4142 por
997 4056 1190 4140 copulavit
1218 4062 1250 4122 et
1272 4079 1343 4122 cum
1366 4079 1404 4123 ea
1426 4058 1566 4123 Ardeam
1589 4061 1754 4142 condidit,

195 4187 269 4230 aera
306 4165 368 4229 iter
404 4164 521 4228 1101011
559 4165 600 4228 ad
634 4163 796 4248 Gorgones
832 4165 940 4230 Forci
995 4166 1079 4228 unde
1102 4164 1227 4230 Turnus
1250 4164 1403 4250 originem
1426 4164 1525 4229 duxit.

195 4272 301 4337 filias
326 4272 446 4335 venisse
469 4270 663 4355 perhibetur,
687 4293 781 4354 quae
800 4293 940 4354 angues

195 4401 261 4464 pro
307 4378 478 4443 crinibus
525 4379 705 4443 dicuntur
749 4377 941 4456 habuisse,

195 4508 288 4570 quos
316 4485 379 4572 qui
406 4485 569 4550 vidisset
596 4485 632 4548 in
666 4485 832 4569 lapidem
860 4506 941 4549 ver-

196 4598 350 4659 teretur.
393 4590 556 4675 Gorgonas
589 4591 690 4657 fertur
722 4599 787 4658 tres
819 4614 941 4658 sorores

285 4842 319 4910 ⁶⁰)
339 4843 416 4897 Haec
435 4842 521 4895 rerba
539 4841 568 4896 in
587 4840 746 4896 Strozzieno
765 4841 843 4907 falso,
863 4842 936 4911 apud
956 4841 1185 4910 mythogrephuur
1205 4856 1268 4895 1111
1287 4840 1347 4894 1101
1359 4841 1503 4909 leguntur.

286 4931 320 4999 ⁶¹)
338 4931 428 4987 scribe
443 4937 517 5000 past.
538 4930 572 4984 01.
592 4933 627 4984 ad
647 4931 833 4985 011111011111.
854 4930 949 4999 fragm.
969 4948 995 4999 p.
1017 4932 1075 4985 130.
