3894 5708
1653 379 1694 443 41

162 553 347 621 ebrietatem
371 555 576 621 iucunditatis
598 556 831 620 arbitrarentur
854 553 1054 632 maleficium,
1077 555 1233 639 persuasit
1256 556 1356 621 Ieario
1379 558 1568 623 amicissimo
1591 557 1653 623 sibi

162 670 198 725 nt
226 662 252 726 is
280 663 412 728 inferret
440 665 471 727 in
499 663 659 728 civitatem
685 684 778 745 quam
806 662 900 727 vellet
927 662 997 745 [hoc
1019 667 1063 726 cst
1085 661 1214 749 eihand.
1264 665 1347 745 qnod
1371 671 1404 728 et
1426 665 1526 730 libens
1549 666 1653 731 anime

161 766 281 833 Icarius
313 768 388 833 tulit.
420 775 451 832 et
484 768 647 833 distribuit
678 769 710 832 in
741 769 851 833 Attice.
901 769 935 833 hi
967 770 1050 852 eapti
1081 769 1247 834 nobilitate
1275 770 1338 834 vini
1371 771 1521 853 languore
1548 772 1653 837 subito

162 874 345 940 vacillantes
359 875 460 952 veriti,
478 897 517 940 ne
536 897 597 940 non
611 877 773 957 angendae
790 876 959 957 voluptatis
973 883 1056 940 esset
1069 877 1124 940 scd
1138 876 1325 942 minuendae
1340 879 1527 944 valetudinis
1547 881 1597 966 (id
1610 886 1653 945 esi

161 973 361 1045 sciisum‘sibi
374 981 548 1067 sublatam)
567 984 713 1046 commoti
728 983 799 1046 vino
814 982 1058 1064 praecordiaque
1077 983 1248 1065 transpulsi
1267 985 1400 1049 Icarium
1420 984 1681 1053 interfecerunte

162 1088 248 1172 qnod
270 1109 328 1171 pro
352 1089 574 1154 iucundissimo
596 1089 736 1173 praemio
760 1096 808 1153 est
825 1089 966 1171 adeptus
1008 1090 1179 1154 conterrita
1199 1111 1287 1155 mors
1304 1092 1405 1173 patris
1424 1092 1560 1176 Erigone
1584 1116 1654 1159 cum

161 1194 340 1259 miserando
363 1194 485 1260 ululatu
508 1204 667 1260 mortuum
690 1198 852 1279 requirens
875 1197 961 1261 canis
985 1196 1131 1261 dentibus
1154 1199 1231 1261 vesti
1261 1199 1383 1265 iniectis
1406 1220 1474 1263 eam
1493 1221 1654 1267 accersens

161 1301 204 1364 ad
227 1302 327 1383 patris
350 1323 461 1387 corpus
485 1303 640 1386 perduxit.
676 1325 757 1386 qnae
780 1305 846 1367 eins
869 1325 981 1386 corpus
1000 1303 1110 1388 sepelit
1129 1305 1258 1388 ipsaque
1277 1327 1310 1369 se
1329 1306 1362 1368 in
1379 1305 1529 1390 Hymetto
1548 1316 1654 1374 niente

162 1409 297 1473 contulit
324 1408 431 1495 ibique
458 1410 520 1475 sibi
543 1396 655 1495 laqueo
678 1418 810 1474 mortem
833 1411 973 1474 adscivit.
1019 1417 1086 1474 tum
1109 1413 1226 1477 dicitur
1250 1411 1346 1477 Liber
1368 1413 1409 1476 ab
1433 1414 1506 1478 love
1528 1416 1654 1498 petisse,

161 1523 292 1599 propter
310 1519 392 1600 quod
413 1517 532 1582 Icarius
550 1526 640 1603 pater
658 1518 812 1601 Erigones
826 1517 889 1554 ***
903 1517 1022 1593 fnisset,
1040 1518 1178 1584 siderum
1196 1520 1293 1603 signis
1312 1518 1563 1585 nobilitarentur.
1596 1524 1653 1587 ad·
1665 1533 1698 1586 10

161 1645 262 1708 aeque
290 1626 426 1709 virgines
451 1625 657 1689 Athenienses
683 1608 851 1708 quotannis
878 1625 962 1689 diem
989 1624 1103 1690 festum
1126 1626 1331 1691 instituerunt
1354 1647 1476 1705 accras,
1503 1650 1581 1712 quas
1604 1653 1654 1695 os-

162 1730 237 1795 cilla
263 1732 409 1808 dicimus,
441 1733 512 1796 ideo
541 1733 616 1815 quia
643 1732 729 1796 illam
757 1732 944 1815 pendentem
974 1731 1058 1819 [qui]
1087 1732 1197 1798 iactari
1224 1742 1466 1818 conspexerunt,
1494 1736 1578 1821 quod
1607 1744 1654 1802 est

161 1837 247 1919 apud
271 1837 409 1904 Graecos
437 1837 642 1924 αἰωρεῖσθαι.
689 1862 727 1904 ex
755 1861 816 1924 quo
839 1838 956 1903 factum
981 1846 1088 1904 estut
1110 1840 1184 1904 olim
1207 1841 1314 1906 oscillo
1338 1842 1531 1907 iaeterentur
1553 1844 1653 1908 bomi-

161 1966 226 2008 nes
272 1944 390 2011 Icarius
418 1953 523 2011 autem
550 1954 641 2030 pater
662 1947 791 2029 virginis
818 1947 999 2010 nominatur
1026 1946 1118 2011 stella
1141 1948 1300 2012 Arcturus
1346 1970 1426 2030 quae
1458 1973 1528 2015 cnm
1550 1954 1653 2016 exori·

161 2059 216 2114 tur
238 2054 454 2135 spurcissimas
476 2061 679 2138 tempestates
702 2055 792 2137 mari·
805 2061 970 2137 terraeque
993 2052 1099 2130 efficit,
1122 2055 1205 2137 quod
1229 2053 1370 2119 meminit
1393 2055 1453 2120 sibi
1476 2080 1534 2141 pro
1557 2058 1697 2124 bene-15

162 2157 234 2223 ficio
266 2161 396 2224 exitium
428 2160 524 2226 luisse
555 2183 575 2225 a
606 2161 798 2225 mortalibus.
848 2161 934 2225 carris
966 2168 1072 2225 autem
1100 2161 1192 2225 Icarii
1224 2163 1279 2244 qui
1306 2162 1429 2226 ululans
1456 2172 1530 2228 ante
1558 2166 1652 2248 pedes

162 2267 329 2348 pendentis
352 2260 481 2350 virginis
509 2276 650 2332 mortuns
677 2275 725 2332 est
747 2277 868 2332 astrum
891 2267 977 2351 Cyon
1000 2267 1192 2345 nominatur,
1219 2291 1312 2353 quam
1335 2291 1390 2334 nos
1414 2270 1507 2334 Canis
1530 2273 1654 2337 stellam

162 2376 367 2440 nominamus.
404 2376 457 2458 qni
482 2376 522 2439 cb
546 2378 676 2441 eandem
699 2397 823 2441 eausam
848 2378 973 2459 quando
996 2377 1136 2440 exoritur
1159 2397 1311 2441 summam
1333 2377 1545 2460 pestilentiam
1568 2401 1652 2443 mor·

163 2480 280 2544 talibus
303 2489 417 2564 portat.

252 2588 281 2651 h.
315 2591 489 2655 Armenius
517 2591 547 2656 ΙΙ
576 2593 605 2657 6.
654 2591 733 2657 Sunt
765 2592 819 2676 qni
847 2591 1015 2675 Erigonem
1048 2591 1128 2656 Icari
1160 2589 1256 2654 filiam
1284 2589 1509 2657 Atheniensem
1536 2593 1698 2670 dicuntae

163 2697 250 2760 cuius
272 2699 356 2779 patri
380 2697 476 2763 Liber
498 2700 604 2763 vinum
627 2700 729 2775 dedit,
755 2706 791 2765 ut
814 2699 993 2764 hominibus
1017 2700 1057 2763 ad
1080 2700 1265 2763 suavitatem
1290 2698 1392 2771 daret:
1419 2700 1532 2782 quibus
1555 2701 1653 2779 dedit,

164 2802 278 2867 ebriati
301 2812 375 2869 sunt
398 2813 430 2869 et
452 2807 610 2889 lapidibus
634 2828 705 2871 eum
726 2808 915 2872 ecciderunt.
948 2807 1042 2883 canis,
1064 2807 1117 2890 qui
1136 2828 1206 2871 enm
1225 2806 1279 2869 illo
1299 2812 1376 2882 crat,
1394 2808 1472 2871 vidit
1494 2808 1653 2873 dominum

165 2911 299 2975 occisum
328 2918 360 2975 et
388 2935 457 2976 cum
486 2913 607 2978 ululatu
634 2916 674 2978 ad
703 2915 873 2997 Erigonam
901 2915 1009 2982 rediit:
1041 2934 1132 2997 quem
1160 2919 1196 2976 ut
1222 2920 1377 2977 maestum
1405 2921 1437 2978 et
1464 2915 1653 2997 singularem

165 3018 253 3093 vidit,
276 3018 411 3083 sollicita
432 3018 640 3102 proficiscitur
662 3044 732 3086 enm
756 3043 800 3086 eo.
846 3043 959 3086 venere
981 3022 1023 3086 ad
1046 3020 1156 3094 locum,
1178 3020 1233 3084 nbi
1257 3020 1376 3084 locrius
1399 3021 1529 3086 iacebat.
1575 3025 1654 3089 vidit

165 3146 276 3207 corpus
308 3126 421 3209 patris;
454 3148 568 3210 magna
598 3129 822 3193 lamentatione
854 3130 886 3192 in
913 3129 1062 3212 Hymetto
1094 3134 1199 3191 monte
1232 3127 1388 3210 sepelivit,
1420 3128 1489 3212 ipsa
1515 3152 1588 3194 vero
1620 3142 1697 3196 seat)

165 3234 327 3314 suspendit
354 3234 474 3316 laqueo.
520 3236 605 3299 canis
633 3236 675 3299 ad
702 3236 797 3319 pedes
823 3237 890 3300 eins
914 3235 1111 3300 discumbens
1134 3235 1252 3299 diutius
1275 3240 1307 3299 et
1329 3235 1396 3298 sine
1419 3236 1576 3301 alimentis
1598 3239 1654 3301 de-

164 3337 271 3403 ficiens
303 3348 375 3423 post
405 3362 517 3425 aquam
550 3342 701 3407 anhelans
729 3344 760 3408 in
784 3350 910 3426 puteum
939 3364 972 3406 se
999 3342 1139 3425 proiecit.
1189 3345 1256 3405 tum
1284 3341 1379 3406 Liber
1406 3364 1426 3406 a
1452 3341 1525 3407 love
1552 3345 1654 3428 petiit,

164 3447 248 3528 quod
276 3468 333 3511 sno
357 3449 487 3531 imperio
511 3450 695 3528 defecerint,
717 3458 754 3514 ut
773 3452 854 3514 inter
872 3449 1010 3513 siderum
1028 3470 1135 3514 cursus
1154 3456 1353 3531 ponerentur.
1386 3449 1525 3532 Erigone
1549 3451 1653 3535 l'irgo,

253 3660 265 3696 a
285 3644 335 3696 hoc
354 3651 396 3697 est
415 3644 505 3697 vinnm
523 3645 656 3713 glossema
674 3663 729 3699 esse
746 3646 816 3699 cidit
834 3645 1066 3713 Eysseilicrdins.
1129 3661 1143 3698 c
1162 3651 1234 3698 esset
1253 3643 1318 3696 cdd.
1343 3643 1575 3699 ll'ilumowitzius.
1638 3664 1651 3702 4
1670 3647 1698 3702 id

165 3738 208 3784 est
226 3762 257 3769 —
278 3733 413 3785 siihlatnm
432 3734 564 3801 plessemc
583 3751 638 3787 cese
655 3735 723 3789 cidit
741 3735 931 3805 Kicssliapins.
1001 3754 1013 3789 c
1032 3751 1081 3803 pro
1102 3733 1295 3788 iucundissimo
1315 3733 1436 3802 praemio
1455 3734 1515 3799 BP,
1535 3751 1584 3802 pro
1603 3734 1698 3789 incun-

165 3820 276 3873 dissimo
290 3821 495 3875 acerbissimum
511 3825 663 3892 praemium
679 3827 818 3893 teniptnrit
838 3825 1070 3879 ll'ilcmowitzius.
1099 3823 1248 3876 conterrita
1265 3840 1340 3877 mora
1355 3823 1454 3891 patris:
1475 3831 1569 3877 centra
1588 3841 1698 3880 morem.

165 3909 252 3977 patris
271 3909 330 3963 BP.
349 3911 406 3978 ipsc
425 3927 486 3964 cirin
506 3919 675 3981 temptassent
694 3920 831 3968 conterret
849 3931 923 3967 mora
944 3915 1030 3983 patris
1044 3913 1181 3981 Erigonen
1197 3912 1314 3979 perfecit
1332 3912 1547 3966 eireadutioncm
1565 3913 1696 3968 Kiesslin·

163 4000 233 4066 pias.
271 4016 330 4052 cnm
351 3999 505 4054 miserendo
525 4002 771 4070 Eyssenhardtius,
797 4003 1010 4056 commiserando
1029 4003 1068 4065 B,
1093 4001 1307 4056 commiserando
1328 4001 1363 4066 P,
1387 4002 1593 4056 commiseratur
1611 4003 1697 4073 Brey·

164 4089 257 4155 sipr‘ccs.
322 4106 332 4143 i
352 4099 486 4144 mortuum
505 4092 603 4159 scripsi
618 4097 770 4158 praecinite
788 4091 939 4159 Brcpsipio,
960 4100 1072 4145 mortem
1092 4092 1127 4157 B,
1147 4098 1261 4143 mertem
1280 4098 1394 4144 mortem
1414 4091 1445 4143 P.
1483 4091 1610 4144 dentilms
1630 4093 1698 4146 vesti

165 4176 274 4229 iniectis
299 4177 521 4232 esttamen-ieras
539 4181 635 4232 ultimo
655 4180 786 4233 vocabulo
808 4181 925 4248 exempli
945 4183 1041 4248 qratia
1060 4182 1166 4248 posita·
1193 4179 1249 4232 leni
1274 4179 1389 4248 vestigio
1413 4180 1477 4245 BP,
1502 4188 1599 4234 teneus
1623 4188 1699 4235 veste

164 4265 406 4335 Eyssenhardtias.
445 4268 479 4334 cs.
499 4269 593 4338 lippia
613 4269 708 4322 cst-rol:
726 4269 764 4321 II
780 4274 796 4321 4
817 4272 859 4336 (=
879 4269 1179 4337 (litlttslet'ism.sr119ttt.
1201 4269 1285 4335 Vm)
1306 4269 1381 4322 cunis
1401 4276 1503 4321 vestem
1524 4268 1583 4322 eins
1601 4276 1699 4323 tenens

165 4355 299 4410 dentibus.
341 4374 483 4411 accersens
507 4358 703 4427 Kiessh'apins,
732 4375 874 4412 accensam
898 4358 962 4424 BP,
991 4358 1152 4412 accersitam
1181 4357 1423 4427 Eyseeiiburdtius.
1517 4376 1542 4412 m
1567 4357 1699 4412 tricinium

164 4448 262 4498 notuit
288 4446 511 4499 ll⁷ilcmoiritsius
533 4448 637 4501 amiens
660 4448 712 4501 sibi
737 4448 777 4501 rel
800 4449 855 4500 lule
879 4447 947 4515 qnid
970 4447 1101 4500 eccidisse
1125 4448 1285 4500 arbitratus.
1332 4446 1544 4500 nobilitarentur
1568 4447 1698 4502 Wilcmo·

165 4535 280 4602 ectitius,
298 4536 491 4590 nobilitaretur
509 4536 567 4589 BP.
605 4538 729 4605 allatique
748 4536 940 4605 Kimeliaeis,
959 4538 994 4589 sd
1015 4553 1047 4590 eu
1066 4553 1136 4604 qnae
1158 4536 1214 4589 BP.
1280 4554 1302 4591 tt
1324 4536 1420 4589 oscilla
1439 4536 1631 4605 Kiesslinpine,
1651 4554 1699 4591 nos

166 4622 251 4676 latine
271 4624 333 4687 BP;
354 4627 449 4680 oscilla
466 4633 528 4694 post
547 4627 662 4681 dicimus
682 4627 832 4680 ‹aidideiut
851 4627 1028 4680 distracturus.
1075 4644 1099 4680 m
1118 4625 1164 4694 qui
1184 4626 1278 4679 delerit
1298 4625 1542 4695 Eysseilicrdtius.
1588 4645 1612 4682 ιε
1632 4624 1663 4679 αἰ
1686 4655 1698 4667 -

166 4717 278 4781 pelotini
299 4714 458 4775 hlcrkelius,
481 4717 678 4769 clientas!
695 4716 729 4770 B.
752 4717 935 4770 esberni!
953 4717 983 4769 P.
1004 4734 1036 4769 in.
1056 4733 1078 4768 r.
1107 4716 1170 4768 olim
1190 4714 1382 4784 Kiessiiepias,
1401 4714 1452 4768 soli
1472 4715 1532 4782 BP,
1553 4715 1699 4770 Merkelius

165 4803 326 4856 cocabvdum
346 4804 434 4857 delere
453 4806 545 4859 noluit.

253 4910 279 4948 aa
297 4894 433 4948 dominnm
454 4894 599 4964 Heinsius,
618 4896 753 4950 hominem
774 4895 842 4950 libii.
950 4914 976 4951 es
999 4901 1166 4965 ponerentur
1195 4893 1433 4962 llhlainmeitaias,
1457 4898 1604 4961 poneretur
1627 4890 1696 4949 libri.

165 4980 284 5051 Erigone
304 4983 369 5038 acta.
397 4984 624 5040 ll'iiumorcitsiue.
