3894 5708
387 527 470 595 Cod.
495 528 746 596 Strozziauus.

350 886 382 951 Π
404 909 433 969 p.
459 886 531 963 165,
556 888 571 951 1
593 926 634 934 —
657 887 729 964 166,
751 888 782 951 4.

244 995 382 1075 Quidam
402 996 507 1056 autem
524 993 635 1056 dicunt
653 1014 717 1056 esse
738 994 936 1080 Orioncrn³³)

197 1100 462 1182 Methymnacuru.
482 1104 512 1163 et
529 1121 599 1163 erim
616 1104 693 1164 essct
711 1105 781 1164 one
796 1102 938 1165 citharae

191 1212 319 1287 potens,
347 1229 404 1271 rea·
429 1206 665 1284 Corinth-orani,
695 1206 859 1288 Pyrautus
880 1229 937 1272 no·

1172 525 1255 594 (lod.
1283 525 1550 610 Frisingensis.

990 672 1060 716 crim
1084 652 1271 733 memnone
1293 653 1467 730 concubuit,
1490 672 1529 715 cn
1551 670 1614 732 quo
1636 652 1740 714 natus

990 763 1036 823 est
1054 760 1140 824 aries
1157 759 1388 841 chrysomallus
1390 808 1510 823 .....

1283 885 1346 950 fab.
1373 885 1444 951 194.

1034 992 1141 1057 Arion
1173 993 1414 1073 Methymnaeus
1450 1012 1519 1054 cum
1555 992 1632 1052 esset
1665 991 1739 1051 arte

991 1101 1133 1163 citharae
1141 1104 1267 1179 potens,
1285 1120 1342 1163 reu
1359 1096 1596 1181 Hyrunthus³⁴)
1620 1091 1738 1158 Corin

990 1206 1076 1270 thiris
1090 1228 1159 1269 eum
1173 1205 1302 1283 diluunt·
1321 1206 1378 1286 qui
1391 1226 1461 1269 crim
1473 1226 1495 1268 a
1509 1224 1580 1285 reye
1588 1202 1738 1283 petiisset

196 1314 288 1391 mine,
303 1335 372 1378 cum
381 1314 501 1378 dilcait.
521 1316 577 1395 qui
591 1335 660 1377 crem
674 1336 695 1377 a
709 1336 780 1397 royc
783 1317 937 1396 petiisset,
985 1334 1047 1393 per
1073 1314 1231 1376 ciuitatem
1257 1316 1358 1376 artem
1384 1333 1477 1375 suam
1503 1309 1682 1374 inlustrare
1707 1311 1739 1371 ct

196 1424 232 1482 ut
241 1422 382 1485 ciuitates
391 1426 461 1484 arte
470 1441 529 1484 sua
539 1421 737 1498 inlustraret,
750 1427 778 1486 et
789 1443 938 1503 mayrnnn

190 1528 425 1606 patrimonium
465 1529 671 1609 acquisisset,
716 1533 938 1593 consenserunt

196 1633 313 1714 sanndi
336 1655 405 1698 cum
427 1636 547 1710 n-autis,
570 1639 605 1699 ut
628 1656 698 1698 curn
715 1635 936 1716 interficerent.

242 2191 334 2252 quem
355 2191 424 2234 cum
446 2169 560 2234 uellent
581 2170 770 2251 interficere,
792 2172 875 2251 petit
897 2172 937 2236 ah

198 2279 252 2355 eis,
271 2281 306 2341 ut
324 2282 398 2340 aute
416 2277 608 2341 decantaret.
628 2298 697 2342 cum
715 2283 819 2342 autem
838 2279 937 2342 citha-

198 2406 255 2448 rae
276 2404 373 2447 sonus
394 2404 463 2447 curn
485 2405 556 2448 uoce
578 2385 646 2448 eius
667 2385 845 2463 audiretur,
873 2385 938 2449 dcl·

192 2492 289 2571 phini
316 2492 401 2554 circa
429 2511 541 2554 naoem
568 2495 727 2555 uenerunt.
763 2491 818 2555 illc
844 2513 939 2572 super

197 2619 295 2661 aurun
321 2618 360 2660 ec
386 2597 494 2660 hisso
515 2600 758 2678 praecipitarit,
787 2601 844 2680 qui
870 2620 939 2662 eum

197 2703 355 2768 sublatum
387 2701 538 2768 Corintho
565 2705 610 2767 ad
634 2726 735 2786 reyem
760 2704 940 2787 Pyrantum

197 2810 320 2875 detulit.
355 2809 523 2890 delphinus
549 2811 710 2875 subductis
730 2832 792 2892 per
819 2818 939 2877 aestum

197 2919 294 2999 aquis
316 2917 518 2983 euanimatus
539 2923 593 2981 est.

199 3290 202 3295 ·
243 3275 299 3355 qui
317 3296 387 3338 cum
404 3295 497 3338 casus
515 3296 589 3339 suos
603 3275 748 3358 Pyranto
762 3280 938 3354 narrasset,

197 3400 291 3464 iussit
318 3422 375 3464 rec
402 3399 584 3480 delphinum
610 3399 737 3481 sepeliri
764 3405 792 3465 et
819 3401 848 3465 ei
874 3421 939 3465 mo-

198 3528 380 3589 numentum
410 3524 492 3604 heri.
523 3529 599 3605 post
630 3525 835 3606 aliquantum
865 3529 940 3590 tem-

192 3650 288 3729 poris
318 3650 425 3726 nauis,
458 3670 523 3731 qim
558 3649 658 3715 Orion
688 3653 792 3714 vedios
821 3649 939 3731 fuerat,

201 3770 386 3838 Corinthum
409 3772 517 3838 delata
540 3778 594 3838 est.
624 3795 703 3855 quos
725 3796 795 3837 cum
821 3774 941 3838 adduci

199 3897 244 3960 ad
270 3919 302 3961 se
328 3899 513 3977 inqrcrasset
540 3920 596 3962 ren
623 3902 651 3961 et
679 3899 717 3962 de
748 3897 863 3962 Orione
891 3900 939 3962 iu-

200 4023 353 4102 quircrct,
390 4023 540 4086 dicerunt
577 4044 645 4087 euru
682 4023 789 4087 obisse.
828 4024 941 4105 quihus

201 4146 253 4210 ille
272 4148 434 4222 ‘'crastino,
452 4148 569 4227 iuquit,
589 4147 640 4210 die
658 4147 703 4209 ad
720 4147 863 4226 delphini
876 4168 940 4212 uro-

199 4276 381 4335 nurncntum
395 4271 553 4334 iurahitis'
562 4292 674 4352 cosque
687 4272 841 4335 custodiri
850 4294 940 4335 vmau-

200 4396 299 4471 daoit,
328 4400 423 4476 atquc
445 4393 592 4459 Orionem
610 4397 657 4459 ita
677 4401 839 4473 ornatum,
864 4417 940 4476 quo-

199 4521 289 4584 modo
317 4541 349 4584 sc
365 4521 653 4600 praecipitaverat,
680 4522 716 4584 in
743 4524 940 4584 nioruemcuto

199 4666 410 4673 ———-.

990 1441 1141 1501 mayn-um
1148 1420 1381 1500 patrimonium
1395 1419 1591 1499 acquisisset,
1605 1435 1738 1480 consen·

990 1531 1099 1590 serunt
1121 1525 1239 1608 [antidi
1260 1547 1330 1590 cum
1351 1526 1470 1605 oraretis,
1496 1529 1529 1589 ut
1548 1545 1617 1589 eum
1633 1523 1738 1586 inter-

990 1634 1127 1714 decrerit.

1035 1742 1087 1804 cui
1113 1739 1231 1820 Apollo
1258 1742 1295 1805 in
1319 1741 1453 1822 quietem
1479 1739 1615 1824 uenit³⁶)
1644 1738 1739 1818 eique

991 1848 1085 1926 didit,
1104 1852 1139 1911 ut
1158 1852 1276 1912 ornatu
1296 1850 1396 1912 suaet
1411 1867 1529 1912 corona
1549 1846 1740 1910 decantaret

991 1959 1020 2018 ct
1038 1956 1083 2018 eis
1100 1975 1133 2019 se
1150 1955 1306 2031 traderet,
1330 1955 1386 2036 qui
1404 1956 1433 2019 ei
1447 1953 1612 2036 praesidio
1632 1952 1739 2017 uenis-

991 2065 1068 2145 sent.

1036 2190 1127 2250 quem
1144 2173 1213 2232 eum
1230 2168 1348 2251 sanordi
1365 2174 1394 2233 et
1412 2173 1532 2233 nautae
1550 2167 1667 2232 uellent
1684 2167 1739 2231 in-

991 2277 1141 2356 terficere,
1158 2277 1240 2356 petit
1263 2277 1303 2340 ab
1326 2278 1372 2340 eis
1389 2281 1424 2340 ut
1443 2280 1517 2341 ante
1538 2276 1739 2339 decantaret.

991 2404 1061 2447 cum
1092 2388 1197 2448 aretem
1223 2385 1366 2448 citharae
1396 2404 1493 2448 soncos
1520 2386 1549 2447 ct
1576 2402 1638 2446 voa
1669 2381 1741 2444 cirus

993 2491 1171 2567 audiretur,
1205 2490 1347 2570 delphini
1378 2492 1464 2555 circa
1500 2510 1613 2554 nauem
1646 2508 1740 2550 oene-

992 2601 1078 2660 runt.
1117 2597 1229 2678 quihus
1256 2597 1311 2661 illc
1338 2599 1415 2661 uisis
1441 2619 1473 2661 sc
1494 2595 1740 2676 praecipitauit.

993 2706 1050 2786 qui
1072 2726 1140 2767 erun
1163 2703 1322 2767 sublatum
1344 2703 1520 2768 attuleruut
1548 2700 1742 2767 Corinthu-ru

993 2812 1038 2875 ad
1057 2833 1158 2894 rcycrn
1171 2811 1381 2893 Pyranthum.
1403 2813 1459 2891 qui
1472 2832 1542 2874 cri-m
1556 2809 1600 2873 ad
1615 2813 1742 2872 terram

992 2920 1120 2993 edisset,
1144 2919 1278 2998 cupidus
1299 2919 1370 2982 oilie
1392 2917 1576 2998 delphinum
1592 2916 1631 2979 in
1648 2936 1742 2979 mare
1797 2952 1804 2973 .

991 3046 1057 3090 non
1070 3025 1227 3105 propulit,
1247 3026 1303 3105 qui
1321 3025 1367 3087 ihi
1384 3025 1585 3089 exanimatus
1603 3027 1660 3087 est.
1681 3022 1743 3103 qui

992 3153 1062 3195 cum
1079 3153 1173 3196 arsia
1190 3153 1263 3195 suos
1282 3130 1447 3212 Pyrantho
1465 3134 1648 3207 narrasset,
1671 3130 1742 3192 ius-

992 3240 1034 3303 sit
1063 3237 1248 3321 Pyranthus
1279 3238 1462 3320 delphinum
1492 3236 1621 3318 sepcliri
1652 3240 1684 3301 et
1713 3237 1744 3300 ei

992 3348 1215 3410 monimentum
1240 3345 1322 3426 heri.
1350 3350 1425 3426 post
1447 3365 1588 3425 paucum
1616 3348 1744 3424 tempus

992 3454 1164 3518 nuntiatur
1201 3452 1365 3535 Pyrantho
1401 3473 1514 3518 navem
1549 3449 1744 3523 Corinthum

994 3560 1135 3624 delatam
1148 3564 1337 3639 tempestate,
1350 3561 1387 3624 in
1401 3580 1466 3639 qua
1478 3558 1585 3622 Arion
1599 3562 1744 3623 uectatus

993 3666 1110 3747 fuerat.
1136 3687 1215 3748 quos
1233 3687 1302 3731 cum
1315 3667 1451 3747 perduci
1469 3665 1514 3729 ad
1531 3687 1563 3729 se
1581 3665 1743 3745 imperas-

993 3778 1038 3837 set
1056 3778 1085 3837 ct
1103 3773 1141 3838 de
1154 3773 1276 3839 Arione
1293 3775 1479 3855 inquireret,
1498 3772 1652 3836 diue-runt
1671 3793 1745 3837 enm

995 3880 1093 3944 ohissc
1115 3884 1144 3943 ct
1166 3902 1235 3944 eum
1253 3879 1435 3961 sepulturae
1457 3879 1643 3943 tradidisse.
1669 3880 1745 3961 qui-

994 3986 1050 4050 hus
1074 4009 1130 4050 rea·
1152 3988 1333 4068 respondit:
1357 3988 1508 4052 ‘crastino
1532 3986 1585 4049 (lie
1608 3986 1655 4049 ad
1676 3986 1745 4051 dcl·

988 4093 1085 4174 phini
1098 4095 1321 4158 ruonimcntum
1337 4093 1503 4158 iurahitis'.
1519 4093 1555 4157 oh
1571 4093 1607 4156 id
1617 4093 1747 4174 facturn

994 4221 1046 4265 eos
1077 4201 1231 4265 custodiri
1261 4202 1429 4281 inperauit
1461 4204 1557 4280 atque
1584 4199 1748 4265 Arionem

994 4309 1087 4371 iussit
1107 4309 1153 4370 ita
1173 4311 1336 4384 ornatura,
1356 4307 1510 4388 quomodo
1530 4328 1562 4371 se
1575 4310 1748 4390 praecipi·

995 4417 1129 4491 tauerat,
1152 4415 1188 4477 in
1206 4415 1393 4478 monimento
1413 4413 1556 4494 delphini
1573 4435 1674 4480 noane
1694 4416 1748 4480 de·

995 4520 1142 4585 litesccrc.
1172 4541 1242 4584 curn
1264 4525 1370 4585 autem
1396 4540 1528 4599 raneos
1550 4521 1750 4588 adduxisset

288 4750 321 4816 83)
341 4749 499 4820 Breysigius
519 4767 663 4820 perperam
684 4768 733 4819 per
753 4757 837 4805 totum
858 4752 977 4805 tabulam
999 4751 1027 4804 in
1046 4751 1178 4805 Arion-om
1197 4751 1325 4807 correxit.

288 4840 322 4907 ³⁴)
341 4840 516 4908 Pyranthus:
536 4839 712 4894 Parion-drus
730 4841 897 4895 Munckerus
915 4850 999 4895 recte.

288 4929 321 4998 ³⁶)
341 4929 380 4984 Cf.
400 4932 473 4984 Serv.
494 4930 528 4984 ad
548 4930 641 4999 Eclog.
661 4930 727 4984 VIII
746 4932 788 4984 55.
