3894 5708
216 555 341 642 Reliqui
364 565 439 621 sunt
460 565 525 622 tres
548 556 622 623 loci:

285 687 313 746 p.
338 665 390 740 68,
413 665 442 728 6.
489 665 548 727 alii
579 664 688 727 0011011
713 663 842 726 Ζο11011
869 670 897 728 01
923 665 1128 744 Amphionem
1160 688 1240 743 essa·
1273 668 1343 730 ideo
1375 688 1459 731 0000
1489 670 1661 753 senonen)

491 770 573 834 alter
596 771 750 833 citharam
773 770 871 834 ini-het.

286 899 315 960 p.
340 877 390 953 75,
414 877 441 941 7.
487 878 625 959 Hyadas
648 876 821 957 adpellaeit
844 878 923 959 (scil.
946 878 1090 961 Iupiter),
1119 882 1203 962 qued
1225 885 1371 944 nascente
1393 881 1506 944 Libere
1534 901 1588 944 eas
1610 882 1659 943 ia-

488 985 621 1061 eeaerit;
653 985 800 1063 temporis
826 985 951 1065 siphara
977 987 1100 1064 posuit,
1136 987 1220 1068 qnod
1246 989 1311 1050 siat
1338 987 1499 1066 pluviales
1522 1026 1565 1034 —
1591 978 1661 1051 {tan

261 1172 264 1179 Ι
488 1092 568 1154 enirn
588 1091 699 1170 pluere
721 1096 765 1154 est
791 1130 829 1139 —
855 1096 1015 1154 eleusina
1039 1097 1125 1156 ortas
1148 1094 1260 1157 inebres
1283 1096 1419 1158 catcitet.

284 1220 313 1281 p.
338 1199 389 1272 111,
412 1198 440 1261 2.
487 1197 644 1278 Menidas
668 1203 770 1260 aretem
793 1198 932 1279 Hyadas
955 1200 1095 1280 petisque
1117 1200 1206 1280 111100
1232 1200 1344 1265 Osann
1367 1222 1429 1266 esse
1452 1198 1537 1265 dicit.

124 1324 164 1366 ex
191 1301 241 1367 his
269 1325 307 1368 ee
331 1304 428 1368 verbe
454 1326 535 1387 quae
562 1304 662 1388 prime
691 1305 758 1369 loeo
786 1307 875 1388 posui
904 1306 971 1370 sola
998 1329 1035 1370 ex
1058 1305 1186 1389 Nigidio
1210 1307 1334 1373 fluxisse
1356 1313 1500 1391 possunt,
1527 1329 1596 1373 cum
1619 1311 1660 1373 ad

124 1432 223 1473 unum
247 1432 285 1474 ex
303 1411 364 1474 Xll
386 1413 492 1494 signis,
515 1413 661 1476 nimirum
681 1411 838 1489 Geminos,
861 1418 1014 1495 speete11t;
1037 1419 1071 1476 at
1093 1436 1127 1477 10
1148 1435 1222 1478 vera
1244 1416 1329 1479 illine
1352 1421 1477 1498 sumpta
1499 1437 1566 1480 esse
1590 1416 1660 1480 ideo

123 1517 229 1581 minus
251 1518 414 1600 probabile
438 1527 495 1595 est,
518 1519 601 1600 quod
625 1520 918 1583 Cutasterismomm
939 1518 1149 1603 fragmentum
1167 1524 1314 1586 continuo
1338 1523 1506 1604 excipiunt,
1528 1544 1548 1585 a
1570 1522 1659 1604 Nigi-

124 1622 229 1688 dianis
250 1632 355 1688 eutem
378 1624 538 1689 stellarum
558 1626 701 1708 mimilogo
720 1634 931 1690 secernuntur.
973 1626 1087 1708 reliqui
1108 1628 1170 1692 duo
1189 1627 1248 1692 loei
1268 1628 1380 1709 longae
1399 1628 1544 1712 Hyadum
1563 1628 1660 1712 expli-

124 1730 252 1805 cationi,
275 1751 354 1813 quae
377 1752 415 1795 ex
435 1731 666 1796 Cetasterisniis
688 1730 787 1807 fluxit,
811 1733 989 1816 interpositi
1007 1740 1088 1797 sunt.
1129 1734 1192 1797 iarn
1211 1734 1237 1798 si
1256 1735 1326 1816 quis
1345 1734 1423 1798 haee
1447 1736 1509 1799 tria
1526 1735 1661 1799 frustula

124 1856 164 1899 ex
188 1839 281 1901 tertio
304 1839 469 1921 scriptore,
496 1840 550 1921 qui
574 1848 606 1903 et
629 1839 695 1922 ipse
718 1841 757 1903 de
780 1840 936 1904 sideribus
959 1840 1036 1922 egit,
1064 1842 1221 1924 exscripta
1244 1863 1310 1906 esse
1333 1848 1467 1917 statuat,
1492 1841 1602 1917 faciat,
1624 1848 1660 1906 ut

122 1942 262 2019 libuerit,
285 1944 340 2008 sed
364 1945 476 2022 videat,
499 1968 560 2030 quo
583 1945 676 2009 inodo
704 1945 851 2028 explicet,
874 1967 930 2009 cnr
953 1947 1005 2010 hic
1028 1947 1162 2030 scriptor
1183 1969 1246 2011 non
1268 1947 1403 2031 emplius
1427 1955 1476 2011 ter
1498 1947 1660 2012 adhibitus

122 2050 175 2114 sit.
225 2071 280 2114 nos
305 2051 372 2114 iure
395 2059 501 2116 nostro
524 2051 602 2115 haee
625 2074 749 2134 qnoque
772 2053 813 2116 sd
837 2052 1075 2117 Catusterismos
1098 2054 1215 2117 referre
1239 2053 1329 2117 nobis
1352 2054 1502 2118 videmur.

214 2156 299 2221 Huec
313 2158 410 2238 igitur
423 2166 496 2222 sunt
513 2158 807 2223 Catusterisrnorum
826 2159 1011 2242 fragmenta,
1030 2181 1109 2243 quae
1127 2161 1254 2242 quidem
1273 2161 1305 2223 in
1324 2160 1450 2224 scholiis
1470 2162 1658 2226 Besileensi-

122 2262 185 2327 bus
203 2272 325 2328 servata
343 2273 424 2329 sunt.
457 2288 553 2349 pergo
571 2266 612 2331 ed
632 2288 669 2329 ea
692 2266 819 2341 scholio,
842 2288 922 2349 quse
946 2267 1107 2349 Breysigie
1130 2275 1300 2350 praeeunte
1322 2267 1659 2350 Sungermanonsia

121 2392 275 2437 voremus.
321 2393 452 2454 qnorum
476 2394 557 2454 quae
580 2372 703 2437 subules
726 2374 944 2455 complectitur
966 2396 1038 2456 puis
1062 2413 1102 2420 -
1127 2396 1200 2437 num
1223 2381 1328 2438 cetera
1354 2375 1490 2439 hicnon
1514 2396 1657 2439 cuminus

120 2515 166 2527 -
191 2500 211 2541 u
232 2478 462 2543 Basilecnsibus
490 2481 536 2543 itu
563 2480 673 2556 distat,
701 2487 735 2543 ut
762 2487 847 2544 10010
870 2481 1032 2563 Breysigio
1060 2480 1226 2563 singularis
1253 2480 1351 2544 libelli
1380 2483 1513 2563 speeiem
1542 2480 1658 2545 habere

121 2585 275 2650 videatur.
324 2607 422 2668 quere
449 2607 544 2668 quain
570 2588 704 2651 maxime
731 2586 785 2651 ille
812 2587 987 2651 laudandus
1011 2594 1059 2651 est
1091 2588 1173 2670 qued
1201 2588 1282 2651 hune
1308 2588 1496 2652 selieliorurn
1524 2587 1657 2671 Ssnger-

120 2692 318 2757 mentensium
344 2699 465 2775 partein
493 2714 632 2757 seorsum
660 2694 874 2757 excudendum
901 2694 1022 2757 curavit
1054 2716 1082 2776 p.
1113 2695 1188 2769 112,
1216 2695 1236 2757 8
1264 2732 1307 2740 -
1338 2695 1412 2767 1112,
1444 2694 1494 2756 23.
1545 2695 1659 2758 desunt

119 2805 228 2863 autem
254 2800 288 2864 in
311 2798 360 2863 his
383 2800 509 2864 scholiis
532 2799 702 2882 Nigidiunu
724 2801 841 2877 onmia3
874 2816 953 2884 quae
982 2822 1054 2864 vero
1082 2807 1251 2865 narrantur
1279 2799 1417 2875 lebulne,
1450 2822 1504 2864 000
1532 2809 1657 2883 praeter

119 2889 273 2989 quattuor
294 2907 424 2972 mineris
447 2906 584 2970 anihitns
607 2907 823 2972 uelditumentu
841 2929 948 2972 omnes
972 2930 1009 2972 ex
1033 2908 1077 2970 eis
1100 2914 1175 2970 sunt
1197 2927 1274 2990 quus
1299 2908 1329 2968 in
1349 2904 1580 2971 Cuhisterismis
1604 2930 1656 2971 ex-

120 3012 226 3077 titisse
254 3034 350 3095 supra
378 3013 537 3086 evicimus:
566 3015 641 3077 item
665 3014 729 3077 fere
753 3036 859 3079 ornnes
882 3015 915 3077 in
933 3014 1165 3078 Basileensibns
1189 3035 1312 3096 quoque
1336 3019 1459 3089 extent,
1487 3014 1547 3078 nisi
1569 3015 1654 3095 quod

118 3120 162 3184 de
191 3120 375 3202 Aesculapio
402 3142 431 3202 p.
464 3123 522 3184 121
553 3121 657 3202 paullo
685 3121 839 3204 ampliore
865 3128 1033 3185 narrantur
1065 3143 1157 3205 quam
1187 3123 1218 3185 in
1247 3120 1320 3195 illis,
1349 3142 1405 3183 nee
1432 3127 1536 3185 temen
1564 3121 1656 3202 plura

119 3247 216 3311 quarn
240 3229 270 3290 in
290 3227 443 3308 Epitonie‚
467 3227 614 3292 (1010110
637 3251 666 3310 p.
690 3228 759 3304 135,
781 3229 909 3292 11-20
928 3250 965 3293 00
983 3249 1106 3311 quoqne
1125 3227 1268 3291 adfertur
1287 3225 1413 3290 fabulae
1431 3226 1541 3301 forms,
1564 3248 1655 3309 quae,

118 3355 193 3398 cum
220 3335 251 3397 in
279 3333 425 3417 Epiteme
452 3341 551 3409 extet,
583 3336 614 3398 in
644 3335 876 3399 Biisileeusilius
904 3357 941 3398 eo
969 3342 1092 3398 tuntum
1119 3335 1250 3399 consilio
1278 3334 1392 3398 omissa
1419 3339 1480 3407 est,
1507 3355 1547 3396 ne
1574 3355 1655 3414 quae

119 3439 227 3525 pesullo
248 3448 343 3505 antee
366 3463 404 3505 ex
427 3442 554 3523 Nigidio
577 3442 685 3505 adleta
708 3449 810 3518 crient,
838 3443 908 3506 aliis
935 3441 1038 3505 verbis
1066 3448 1292 3525 repeterentur,
1320 3439 1455 3521 (lenique
1483 3439 1522 3503 de
1549 3440 1654 3521 lepore

119 3571 151 3631 p.
178 3547 249 3622 170,
279 3549 317 3610 11
348 3570 371 3613 0.
400 3550 508 3613 eedem
535 3550 747 3632 proferuntur,
779 3571 859 3633 qnae
891 3550 923 3613 in
954 3549 1100 3631 Epitonre
1132 3557 1253 3624 extant,
1284 3569 1352 3612 curn
1385 3546 1441 3609 illa
1468 3545 1655 3610 scholiorum

117 3653 346 3719 Basileensiurn
371 3676 445 3738 pers
473 3677 511 3718 ex
539 3656 653 3738 Hygini
683 3656 864 3739 Astrologiu
890 3657 1081 3738 interpolata
1108 3659 1157 3720 sit.
1203 3677 1265 3737 quo
1293 3674 1443 3717 eoiisimsu
1473 3653 1532 3716 nisi
1559 3653 1653 3734 vulgo

117 3761 204 3826 hane
234 3762 422 3827 scholiorum
455 3761 766 3844 Smrgornrnnensinnr
804 3771 926 3845 purtem
959 3762 1052 3825 uliam
1087 3763 1311 3826 llasileensium
1344 3759 1554 3823 recensionem
1587 3779 1654 3822 esse

117 3869 244 3944 (licunt3
277 3868 309 3932 id
337 3868 433 3952 quod,
461 3869 487 3931 si
515 3891 576 3932 non
604 3891 732 3951 prorsus
760 3870 852 3941 tiilso,
879 3877 912 3933 at
939 3876 1023 3934 certe
1051 3871 1153 3932 niinus
1180 3875 1325 3933 accurate
1357 3868 1474 3930 dietum
1503 3872 1558 3929 est.
1606 3873 1654 3929 est

117 3976 204 4039 eirirn
231 3975 293 4038 ulia
316 3975 379 4038 sive
402 3973 694 4040 Cebisterisruoruni
719 3978 783 4039 siue
807 3978 957 4058 epitomes
980 3997 1088 4039 eorum
1111 3977 1211 4039 versio
1236 4013 1278 4022 —
1302 3995 1373 4037 num
1396 3974 1456 4037 hee
1480 3994 1561 4036 nune
1584 3972 1653 4055 qui-

117 4084 192 4146 dem
221 4082 251 4144 in
276 4083 379 4146 inedie
407 4083 620 4163 relinquimus,
643 4122 683 4130 -
713 4084 762 4146 eui
786 4106 855 4147 euni
882 4083 1008 4147 scholiis
1031 4081 1261 4146 Basileensilnis
1286 4086 1410 4162 praeter
1433 4082 1550 4143 lentem
1574 4078 1653 4142 nihil

117 4196 169 4254 est
192 4210 360 4253 commune.
407 4190 437 4252 id
462 4189 545 4271 rpuod
570 4191 784 4254 denunistratu
808 4189 991 4254 facillimum
1015 4196 1071 4253 ost.

112 4296 117 4303 ’
210 4296 276 4361 lum
299 4297 404 4360 monui
429 4298 460 4360 in
480 4296 579 4361 Ursae
602 4298 730 4360 irrisionis
753 4297 913 4363 stellarum
933 4297 1075 4375 cunilago
1095 4288 1218 4367 altimo,
1241 4304 1277 4358 ut
1301 4293 1400 4357 nestri
1423 4294 1545 4359 cedices
1568 4300 1651 4357 reete

117 4402 253 4480 hubent,
280 4402 406 4467 inullis
435 4403 523 4468 libris
551 4410 731 4488 corruptum
759 4404 855 4467 fuisso
885 4405 914 4466 in
944 4399 1073 4467 sudreie.
1120 4403 1208 4484 atqui
1237 4400 1429 4465 Besileensiu
1455 4402 1490 4462 in
1517 4399 1653 4481 sinpalis

117 4511 245 4588 renim-is,
271 4509 550 4592 Saugermanensiu
572 4513 607 4575 ia
630 4512 766 4594 sinpidis
789 4513 920 4574 riviribns
943 4510 1068 4574 bulnnt.

209 4687 243 4747 “l
261 4687 353 4742 Verba
371 4705 446 4741 resins
464 4703 562 4742 sennenn
581 4688 607 4743 in
630 4688 782 4743 basileensi
802 4700 827 4742 et
845 4689 967 4743 l‘urisino
987 4688 1086 4742 emisse
1106 4706 1137 4741 ex
1154 4686 1311 4740 Strozniuno
1326 4684 1434 4751 addidi3
1455 4701 1564 4753 prorsus
1579 4683 1651 4737 enirn

117 4776 277 4831 necessaria
300 4786 370 4831 sunt.
395 4786 517 4832 ceterum
540 4795 634 4831 zorimn
660 4796 720 4832 emn
744 4780 903 4843 intelleues.
928 4795 983 4846 que
1002 4780 1105 4832 Zethns
1127 4777 1226 4830 1111000
1250 4777 1284 4828 ed
1304 4783 1412 4829 taurum
1431 4773 1573 4839 adligavit.
1598 4776 1651 4826 hue

117 4882 153 4922 cn
178 4882 284 4934 queque
309 4868 414 4921 t'ueiunt
437 4885 507 4935 errae
531 4884 564 4921 ex
589 4868 681 4931 iuncto
705 4880 817 4923 auctore
836 4868 960 4938 nyphus
978 4868 1070 4921 adt'ert
1091 4867 1124 4925 ll,
1143 4870 1178 4919 22
1198 4883 1223 4934 p.
1244 4866 1339 4922 11122
1360 4865 1411 4917 alii
1428 4864 1561 4917 deerunt
1578 4862 1649 4917 Her·

117 4956 207 5013 entem
225 4972 279 5010 esse
298 4962 322 5009 et
341 4957 504 5026 Apollinem,
524 4957 651 5016 nimirum
671 4978 732 5014 rum
752 4960 859 5014 eithara
879 4959 964 5022 illum,
985 4959 1056 5011 hune
1076 4971 1137 5010 enm
1156 4972 1225 5009 none
1244 4955 1396 5010 Aurszenis
