3894 5708
273 372 339 437 244

273 573 354 635 quae
373 551 594 616 Andromedae
617 550 759 616 fabulam
780 552 813 614 in
841 548 927 615 caelo
953 552 1206 633 repraesentant
1233 547 1386 633 Cepheus,
1409 546 1579 632 Cassiepia,
1602 545 1816 621 Andromeda,

273 659 419 735 Perseus,
447 657 553 734 Cetus;
581 659 729 723 nimirum
757 660 790 722 in
816 657 866 721 his
893 655 1063 734 sideribus,
1090 655 1176 740 quod
1196 659 1248 721 est
1269 656 1477 733 rarissimum,
1505 676 1569 720 uua
1592 653 1815 738 interpretatio

274 786 373 849 caque
396 786 413 830 e
436 764 551 830 fabulis
573 766 674 848 petita
696 766 742 830 ita
764 765 906 840 invaluit,
928 769 1048 829 utnon
1073 763 1172 829 solum
1195 763 1283 829 nulla
1305 763 1369 829 alia
1391 764 1559 848 explicatio
1583 783 1721 846 uuquam
1739 780 1817 843 pro-

273 872 340 937 lata
357 872 407 948 sit,
426 872 481 938 sed
501 872 596 938 etiam
616 874 721 939 sidera
734 893 796 937 non
812 871 852 937 ab
867 872 921 948 cis,
940 892 1018 956 quas
1032 869 1219 951 deformant,
1238 869 1357 955 figuris,
1376 871 1430 936 sed
1447 892 1464 936 e
1478 869 1673 954 mythologie
1685 868 1818 934 uomina

273 981 423 1064 ceperint.
456 979 505 1044 vel
533 980 606 1044 hine
632 980 801 1045 concludas
828 1000 897 1044 eam
922 978 1159 1063 explicationem
1182 979 1260 1043 satis
1287 979 1418 1062 antiquo
1445 985 1586 1063 tempore
1609 983 1712 1042 ortam
1736 995 1817 1066 esse,

275 1094 359 1153 cert-e
382 1093 455 1152 ante
477 1087 640 1170 Euripidis
664 1093 815 1165 aetatem,
843 1088 888 1151 ita
910 1085 1056 1151 utillum
1080 1086 1143 1150 iam
1166 1087 1284 1164 sidera,
1306 1085 1422 1169 quibus
1444 1087 1523 1152 haec
1544 1086 1672 1150 nomina
1693 1084 1818 1148 tributa

275 1202 389 1271 essent,
407 1195 528 1260 novisse
548 1195 717 1259 admodum
736 1192 900 1278 probabile
919 1195 968 1259 sit.
992 1195 1110 1276 optime
1128 1194 1226 1277 igitur
1243 1191 1312 1258 fieri
1330 1196 1444 1278 potuit,
1462 1199 1498 1258 ut
1511 1192 1664 1269 Minerva,
1683 1211 1765 1274 quae
1784 1189 1815 1252 in

275 1301 336 1367 fine
363 1301 490 1366 fabulae
518 1301 558 1366 ab
586 1302 739 1385 Euripide
766 1302 939 1377 inducitur,
967 1300 1083 1365 Perseo
1110 1301 1284 1385 ceterisque
1311 1303 1526 1384 promitteret,
1553 1300 1620 1365 fore
1647 1302 1817 1363 uteorum

274 1410 413 1474 omnium
433 1410 585 1492 imagines
601 1391 635 1473 in
654 1408 741 1474 caelo
760 1407 1007 1473 conlocarantur.
1026 1407 1063 1473 cf.
1078 1428 1158 1491 quae
1172 1408 1239 1472 dixi
1253 1409 1285 1471 in
1300 1408 1410 1473 Diario
1424 1407 1580 1473 archaeol.
1601 1407 1684 1472 1878
1699 1427 1729 1488 p.
1745 1404 1817 1469 19s.

363 1515 584 1581 Andromedae
611 1536 780 1598 eorumque
808 1537 888 1598 quae
918 1537 987 1579 cum
1016 1514 1071 1579 illa
1098 1516 1266 1580 coniuncta
1294 1521 1368 1580 sunt
1394 1515 1531 1580 siderum
1560 1513 1678 1580 mentio
1700 1517 1818 1586 mouet,

275 1634 311 1688 ut
334 1645 434 1708 pauca
456 1624 496 1688 de
519 1623 656 1687 siderum
680 1628 712 1686 et
734 1624 850 1687 notitia
874 1629 906 1686 ct
929 1622 1139 1705 explicatione
1161 1623 1245 1706 apud
1271 1620 1407 1687 Graecos
1430 1623 1560 1697 addam3
1583 1643 1645 1687 non
1668 1641 1730 1704 quo
1755 1618 1819 1683 dif-

275 1731 429 1796 ficillimas
452 1751 532 1814 quae
555 1730 614 1795 hac
637 1731 670 1794 in
693 1751 727 1794 re
750 1751 784 1794 se
808 1729 945 1795 offerunt
968 1731 1167 1812 quaestiones
1191 1738 1256 1793 tam
1280 1729 1368 1794 brevi
1394 1729 1609 1812 disputatione
1628 1727 1706 1792 solvi
1724 1747 1819 1811 posse

276 1837 430 1904 confidam
454 1844 509 1903 aut
530 1859 611 1902 nora
634 1858 761 1922 prorsus
784 1858 884 1920 neque
907 1836 947 1901 ab
971 1837 1042 1901 aliis
1061 1842 1116 1901 aut
1137 1837 1263 1921 prolata
1280 1842 1337 1902 aut
1359 1836 1455 1901 tacite
1475 1837 1634 1901 intellecta
1652 1834 1819 1900 adlaturus

277 1966 344 2010 esse
371 1945 449 2010 mihi
477 1945 598 2022 videar,
630 1946 685 2010 sed
714 1945 798 2029 quod
825 1945 909 2010 hune
936 1943 1052 2008 librum
1080 1944 1112 2007 in
1141 1944 1303 2009 stellarum
1331 1944 1448 2009 fabulis
1475 1944 1611 2009 maxime
1638 1948 1818 2008 versantem

277 2073 379 2135 neque
406 2073 512 2117 carere
539 2051 600 2116 hac
627 2052 850 2135 disputationis
876 2058 968 2135 parte
994 2073 1096 2136 neque
1119 2053 1224 2134 aptius
1248 2052 1391 2117 concludi
1414 2072 1505 2135 posse
1528 2051 1673 2117 arbitror.
1706 2051 1762 2114 scd
1786 2057 1821 2113 et

276 2158 478 2224 brevissimus
501 2180 555 2224 ero
578 2164 610 2223 et
633 2159 677 2222 eis
701 2160 835 2224 maxime
857 2164 939 2236 utar,
963 2180 1043 2242 quae
1060 2159 1273 2224 Buttmarrnus
1296 2160 1329 2224 in
1347 2158 1536 2224 Academiae
1555 2158 1733 2223 Berolensis
1753 2158 1820 2222 dis-

277 2265 502 2331 sertationibus
527 2266 612 2331 1826
635 2288 664 2349 p.
692 2267 731 2330 19
756 2273 789 2331 et
813 2265 943 2332 Carolus
970 2266 1005 2331 Ο.
1029 2265 1181 2332 Miillerus
1209 2267 1242 2331 in
1265 2265 1501 2350 Prolegomenis
1523 2266 1564 2330 ad
1588 2265 1821 2351 Mythologiam

277 2395 307 2456 p.
333 2373 393 2437 191
420 2372 545 2457 egregie
568 2374 817 2456 disputaverunt.

367 2479 496 2545 Homeri
520 2480 618 2564 igitur
640 2485 746 2544 aetate
768 2480 848 2545 hacc
871 2480 975 2544 sidera
999 2486 1074 2544 nota
1096 2479 1193 2544 fuisse
1211 2485 1347 2545 constat:
1370 2480 1485 2545 Ursam
1504 2480 1663 2557 maiorem,
1686 2481 1823 2557 Booten,

279 2586 434 2663 Orionem,
453 2586 580 2664 Sirium,
600 2587 736 2663 Pliadas,
759 2587 895 2671 Hyadas.
927 2589 962 2651 Σ
976 2587 1162 2652 486-489.
1191 2609 1205 2650 ε
1226 2587 1409 2652 ara-275.
1438 2588 1552 2670 quibus
1571 2609 1628 2671 ego
1647 2608 1744 2671 supra
1762 2590 1823 2653 ad-

260 2688 263 2695 ’
282 2694 420 2758 dendum
439 2715 506 2759 esse
525 2695 643 2759 conieci
658 2694 868 2778 Scorpionem.
892 2694 932 2758 ad
951 2694 1030 2759 haec
1048 2694 1113 2759 fere
1131 2695 1236 2759 sidera
1254 2700 1397 2778 spectant
1415 2715 1496 2779 quae
1515 2696 1640 2777 quidem
1655 2695 1686 2758 in
1701 2697 1824 2778 populo

279 2801 319 2865 dc
342 2800 442 2865 stellis
465 2807 559 2866 natae
582 2807 656 2865 suut
674 2801 799 2866 fabulae
818 2822 938 2877 omnes3
961 2802 1008 2866 ita
1025 2808 1130 2867 autem
1148 2808 1243 2866 natae
1262 2807 1345 2878 sunt,
1362 2807 1399 2866 ut
1416 2803 1553 2885 primum
1571 2803 1696 2886 singula
1714 2803 1825 2868 sidera

280 2914 385 2973 certae
399 2906 491 2972 alicui
510 2909 557 2972 rei
576 2914 842 2992 compararentur,
861 2914 927 2973 tum
947 2909 1071 2992 singula
1091 2910 1196 2974 sidera
1214 2910 1297 2973 inter
1312 2931 1345 2974 se
1359 2907 1631 2990 coniungerentur.
1654 2911 1742 2974 velut
1757 2910 1825 2974 cla-

279 3016 437 3080 rissimum
469 3015 608 3080 omnium
630 3016 784 3092 siderum,
811 3016 894 3100 quod
917 3037 974 3081 nos
997 3016 1112 3082 Ursam
1134 3018 1284 3081 maiorem
1308 3037 1463 3095 vocamus,
1485 3014 1526 3080 ab
1550 3016 1621 3081 aliis
1644 3037 1750 3095 ursae,
1779 3016 1824 3081 ab

280 3121 351 3187 aliis
377 3123 520 3205 plaustro
548 3127 764 3205 comparatum
791 3144 872 3199 esse,
901 3121 941 3187 ab
969 3122 1040 3187 aliis
1064 3124 1199 3207 denique
1221 3129 1352 3206 propter
1374 3122 1494 3208 figurae
1518 3122 1670 3188 flexuram
1688 3115 1825 3211 Ἑλίκην

280 3230 474 3294 nominatum
503 3249 570 3294 esse
597 3249 689 3293 nemo
721 3237 769 3294 est
796 3230 849 3313 qui
878 3231 1006 3296 nesciat.
1039 3238 1073 3295 at
1100 3231 1154 3313 qui
1182 3230 1284 3296 Ursae
1312 3231 1549 3314 comparabant,
1582 3230 1705 3297 stellam
1734 3231 1825 3296 illam

280 3336 517 3413 lucidissimam,
553 3357 633 3419 quae
665 3336 698 3400 in
729 3337 814 3402 caelo
846 3337 961 3402 Ursam
993 3338 1148 3420 seqnitur,
1184 3338 1276 3403 huius
1309 3337 1410 3404 Ursae
1441 3339 1603 3405 custodem
1635 3359 1702 3403 esse
1735 3338 1826 3403 arbi-

281 3444 357 3509 trati
383 3435 581 3529 Άρκτοῦρον
604 3450 769 3521 vocarunt,
796 3444 850 3527 qui
877 3444 1031 3529 plaustro,
1058 3465 1116 3528 pro
1144 3444 1280 3510 bubulco
1307 3444 1488 3510 habueruut
1510 3445 1694 3528 Bootenque
1721 3448 1825 3511 nomi·

281 3556 442 3616 naverunt.
478 3571 552 3615 nam
579 3552 749 3616 Arcturum
776 3551 841 3616 sive
868 3552 990 3618 Booten
1017 3553 1102 3635 apud
1130 3552 1301 3617 Homerum
1329 3552 1565 3636 Hesiodumque
1592 3553 1716 3618 stellam
1745 3575 1826 3631 esse,

281 3658 420 3722 nondum
443 3663 546 3722 totum
569 3658 656 3723 sidus
679 3658 880 3724 manifestum
903 3665 959 3723 est.
991 3659 1119 3724 Hesiod.
1138 3659 1195 3742 Op.
1215 3659 1279 3724 565
1304 3654 1344 3746 δή
1362 3655 1405 3745 ῥα
1423 3651 1494 3725 τότ’
1513 3652 1617 3745 ἀστήρ
1633 3657 1646 3747 {l
1667 3652 1824 3744 Ἀρκτοῦ-

282 3787 341 3849 ρος
366 3756 545 3846 προλιπών
574 3756 667 3856 ἱερὸν
693 3760 777 3849 ῥόον
803 3757 970 3831 Ὠκεανοῖο
998 3770 1068 3831 κτλ.
1106 3773 1216 3851 postea
1242 3765 1367 3831 demum
1395 3787 1465 3831 cum
1491 3768 1629 3833 maxima
1652 3767 1707 3831 illa
1730 3766 1826 3832 stella

283 3869 364 3936 aliae
388 3872 496 3937 stellae
519 3873 655 3938 minores
677 3873 719 3938 ad
742 3874 825 3938 idem
848 3873 935 3939 sidus
958 3874 1141 3939 coniunctae
1164 3880 1250 3951 sunt,
1273 3874 1324 3939 cui
1347 3873 1456 3949 sideri,
1479 3894 1550 3938 eum
1573 3873 1665 3939 stella
1686 3873 1744 3939 illa
1765 3874 1825 3941 ho-

283 3979 376 4043 minis
403 4000 517 4044 nomeu
543 3978 689 4057 haberet,
718 3982 814 4046 etiam
842 3980 977 4046 hominis
1005 3979 1107 4065 figura
1133 3980 1256 4046 tributa
1283 3986 1339 4047 est.
1380 3980 1526 4046 similiter
1553 3979 1670 4045 Sirium
1697 3981 1825 4046 stellam

283 4085 409 4151 Orionis
436 4086 602 4151 clarissimi
629 4088 839 4174 venatoris¹⁶)
871 4109 980 4153 canem
1009 4110 1076 4154 esse
1107 4086 1267 4153 finxerunt
1293 4089 1457 4172 ipsumque
1484 4089 1634 4154 Orionem
1660 4089 1754 4153 modo
1784 4088 1825 4153 ab

283 4192 367 4258 Ursa
393 4194 459 4278 peti
486 4195 579 4260 modo
601 4194 729 4261 Pliadas
755 4197 903 4279 persequi
930 4197 1024 4261 modo
1047 4218 1067 4261 a
1090 4195 1261 4280 Scorpione
1284 4196 1384 4261 occidi
1407 4195 1558 4260 fecerunt.
1590 4200 1696 4259 cetera
1718 4194 1827 4260 sidere

283 4320 346 4381 quo
374 4299 484 4365 ordine
510 4309 567 4366 aut
594 4303 708 4386 quihus
735 4301 930 4386 temporibus
957 4304 1083 4387 singula
1106 4301 1234 4368 Graecis
1256 4303 1466 4381 innotuerint,
1495 4299 1681 4367 difficillima
1708 4322 1746 4367 ac
1774 4305 1826 4367 vix

284 4406 450 4471 enodanda
472 4410 615 4491 quaestio
638 4415 694 4475 est.
727 4410 767 4474 de
789 4410 956 4493 perpaucis
979 4411 1062 4475 onim
1085 4416 1216 4476 constat.
1248 4409 1351 4474 Ursae
1372 4410 1503 4474 minoris
1521 4409 1669 4474 notitiam
1687 4407 1827 4472 Phoeni·

284 4503 373 4577 cibus
396 4513 505 4579 deberi
528 4517 653 4601 saepius
675 4516 816 4581 traditur
838 4538 939 4600 rreque
962 4520 1010 4582 est
1033 4539 1088 4583 cur
1110 4517 1185 4581 huic
1202 4519 1370 4583 memoriae
1387 4515 1483 4582 fidem
1502 4516 1696 4601 derogemus.
1728 4516 1827 4580 immo

375 4690 406 4757 ¹⁰)
425 4692 457 4746 ln
480 4699 637 4748 transcursu
661 4709 756 4749 moneo
780 4694 932 4764 Cephalum
956 4694 1025 4748 nihil
1049 4695 1125 4750 aliud
1149 4711 1209 4750 esse
1234 4711 1314 4763 quam
1338 4693 1466 4749 Orionem
1485 4693 1621 4760 Atticum;
1642 4693 1773 4748 nimirum
1798 4701 1829 4749 ut

284 4779 346 4845 illc,
370 4781 416 4834 hic
440 4798 548 4851 quoque
566 4783 602 4837 ab
621 4786 729 4838 Aurora
747 4784 867 4853 rapitur3
891 4800 926 4838 ex
945 4799 1079 4853 quacum
1098 4784 1286 4853 Phosphorum
1305 4783 1432 4853 genuisse
1451 4783 1572 4850 dicatur,
1595 4790 1681 4838 totam
1701 4783 1828 4839 fabulam

284 4869 313 4922 iu
332 4871 474 4925 stellarum
493 4880 553 4926 ortu
573 4888 726 4943 occasuque
744 4873 796 4928 niti
816 4873 991 4928 manifestum
1010 4873 1049 4927 fit.
1079 4874 1200 4938 accedit,
1225 4874 1297 4941 quod
1315 4874 1438 4942 Cephalo
1457 4889 1511 4927 uon
1529 4889 1608 4928 secus
1627 4889 1711 4942 quam
1731 4873 1828 4929 Orioni

285 4959 361 5013 cenis
381 4967 423 5013 est
442 4961 611 5028 immortalis,
631 4978 713 5031 quam
733 4963 768 5017 ad
788 4962 888 5018 Sirium
907 4962 962 5016 iam
982 4969 1090 5017 veteres
1109 4961 1303 5033 mythographi
1322 4961 1476 5016 rectissime
1494 4962 1669 5017 rettulerunt.
