3894 5708
329 345 370 411 10

414 522 601 607 Epitomell
620 545 649 606 p.
669 521 742 598 242,
763 522 802 585 16
822 543 844 584 s.
864 520 903 587 de
922 520 1045 587 Corona
1066 519 1144 587 haec
1167 520 1326 606 leguntur:
1354 525 1458 599 Ουτος
1477 520 1602 606 λέγεται
1623 525 1716 608 στῆς
1733 509 1855 605 Ἀριάδ-

326 652 397 716 νης·
422 625 582 705 Διόνυσος
606 629 641 693 δὲ
665 620 769 693 αὐτὸν
793 628 838 704 εἷς
861 620 902 693 τὰ
926 622 1030 714 ἄστρα
1054 626 1186 715 ἔθηκεν,
1211 620 1267 694 ὅτε
1290 621 1368 706 τοὺς
1390 625 1514 714 γάμους
1538 626 1569 693 οἱ
1589 630 1665 694 θεοὶ
1684 626 1720 692 ἐν
1739 634 1779 710 τῇ
1797 651 1855 691 κα-

326 736 469 820 λουμένῃ
493 737 553 824 Δία
577 734 746 822 ἐποίησαν,
769 736 797 819 τρ
820 731 946 821 πρώτῳ
968 728 989 822 ἡ
1012 733 1123 823 νύμφη
1147 731 1369 822 ἐστεφανώθη
1392 727 1482 821 παρὰ
1501 728 1607 818 Ὡρῶν
1630 739 1777 815 λαβοῦσα
1798 735 1856 798 καὶ

327 835 525 928 Ἀφροδίτης.
566 843 671 908 itane?
717 864 787 906 curn
810 842 916 907 Liberi
939 842 1158 926 Ariadnaeque
1181 845 1307 925 nuptias
1330 843 1382 907 dei
1405 843 1609 919 celebrarent,
1632 849 1738 907 tumne
1761 840 1856 905 Liber

327 951 485 1014 Ariadnae
507 970 654 1014 eoronam
676 950 760 1014 inter
782 949 886 1014 sidera
908 950 1099 1015 conlocavit?
1137 952 1230 1014 immo
1253 957 1329 1015 tunc
1350 950 1494 1034 primum,
1517 950 1637 1032 opinor,
1659 969 1739 1012 nova
1757 954 1856 1031 nupta

326 1078 394 1122 eam
417 1079 438 1121 a
459 1055 580 1120 Venere
603 1056 759 1141 Horisque
782 1058 909 1140 accepit.
954 1057 1154 1121 manifestum
1178 1058 1274 1141 igitur
1297 1064 1344 1122 est
1367 1056 1462 1121 verba
1485 1047 1542 1120 dre
1565 1046 1643 1131 τοὺς
1665 1050 1789 1138 γάμους
1815 1092 1855 1103 -

326 1161 486 1249 ἐποίησαν
512 1169 584 1246 post
606 1155 797 1248 Ἀφροδίτης
824 1164 998 1228 traicienda
1025 1185 1099 1228 esse.
1146 1169 1240 1246 atque
1268 1165 1314 1228 ita
1336 1163 1477 1246 profecto
1501 1163 1642 1247 Hyginus
1664 1161 1761 1225 verba
1782 1182 1857 1227 eon·

325 1271 429 1334 locata
457 1257 544 1353 legit3
572 1292 644 1335 nam
667 1271 761 1335 vertit
786 1270 817 1333 ΙΙ
842 1270 862 1333 5
889 1269 964 1334 baec
991 1269 1143 1357 (Corona)
1170 1271 1370 1335 aeistimatar
1392 1271 1555 1335 Amadnes
1576 1268 1675 1350 faisse
1698 1291 1719 1332 a
1741 1268 1856 1333 labere

320 1382 417 1458 patre
447 1378 530 1441 inter
556 1376 664 1441 sidere
695 1377 865 1441 conlocata.
916 1376 1033 1442 diedm
1064 1378 1146 1441 enim
1177 1378 1212 1441 in
1244 1377 1353 1442 nasale
1380 1375 1448 1442 Dte
1474 1397 1543 1442 οιιοι
1569 1375 1715 1441 Ariadne
1741 1375 1856 1440 Libero

325 1485 464 1561 erederet,
493 1483 575 1548 leone
596 1485 738 1564 μνιιυιιοι
765 1503 912 1548 caeream
939 1484 1061 1547 rreanere‘
1089 1486 1241 1565 accepisse
1269 1507 1290 1550 a
1319 1484 1434 1548 Venere
1461 1489 1490 1548 et
1512 1483 1627 1561 Haris,
1657 1503 1725 1547 earn
1753 1501 1857 1546 emeres

325 1591 376 1654 dei
406 1592 442 1654 in
468 1591 536 1654 eins
562 1592 684 1671 rteepte’is
712 1589 797 1654 dena
824 1588 1007 1670 conferrent.
1057 1595 1166 1655 contra
1193 1591 1288 1655 schol.
1317 1590 1419 1656 Germ.
1449 1614 1477 1674 p.
1506 1591 1561 1666 61,
1590 1589 1608 1653 ’1
1636 1590 1712 1653 baec
1732 1587 1856 1654 'corona

326 1697 442 1761 dicitnr
469 1716 532 1762 esse
554 1697 727 1775 Ariadnes,
757 1718 854 1779 ριιαυι
875 1696 971 1762 Liber
999 1698 1097 1761 astris
1124 1696 1281 1776 intulisse,
1310 1701 1345 1761 at
1373 1699 1440 1762 eius
1462 1699 1594 1778 ιιιιμιιιιε
1616 1697 1667 1760 dei
1689 1694 1857 1760 ininsula

326 1802 395 1868 Dia
417 1803 615 1882 celebrarent,
640 1805 781 1888 regitans
799 1804 1005 1884 praeclaram
1026 1802 1139 1884 faeere,
1165 1825 1230 1887 aaa
1248 1806 1390 1884 prienam
1407 1825 1491 1869 noea
1508 1808 1611 1884 napta
1629 1807 1781 1867 coronata
1799 1805 1854 1879 est,

326 1931 423 1991 qaam
454 1914 614 1992 acceperat
646 1911 686 1975 ab
712 1911 812 1975 Herds
843 1916 872 1975 et
901 1911 1024 1976 Venere.
1075 1912 1158 1976 unde
1190 1911 1322 1994 adparet
1356 1912 1387 1975 in
1415 1912 1556 1994 exemplo
1588 1910 1672 1992 quod
1699 1911 1856 1992 interpres

327 2016 504 2081 Germanici
526 2017 655 2083 tenebat
677 2017 773 2083 verba
795 2018 858 2082 iam
879 2018 1071 2101 transposita
1093 2017 1196 2082 fuisse.
1234 2018 1318 2082 aliud
1342 2039 1466 2100 quoque
1485 2019 1594 2082 vitium
1617 2017 1691 2081 huic
1715 2013 1855 2098 exemplo

326 2144 395 2188 eum
423 2125 538 2189 nostris
562 2124 722 2209 Epitomes
749 2125 907 2190 codicibus
935 2145 1096 2190 commune
1123 2133 1198 2189 erat.
1245 2125 1284 2189 de
1308 2125 1457 2189 Canicula
1483 2126 1514 2188 iu
1540 2124 1685 2207 Hpitome
1708 2121 1750 2186 33
1777 2121 1857 2185 haec

326 2230 485 2314 legunturt
516 2232 593 2314 τιερὶ
621 2227 743 2296 τούτου
771 2231 850 2316 (scil.
877 2237 939 2295 τοῦ
966 2222 1082 2316 κυνὸς)
1112 2227 1291 2315 ἱστορεῖται
1320 2221 1372 2295 ὅτι.
1400 2229 1490 2296 ἐστὶν
1519 2223 1537 2294 ὁ
1567 2230 1680 2306 δοθεὶς
1707 2220 1856 2313 Εὐρώπῃ

326 2333 435 2418 φύλαξ
455 2328 537 2420 μετὰ
556 2344 617 2401 τοῦ
637 2333 827 2421 δράκοντος.
865 2338 928 2401 iam
951 2339 1156 2421 Koppiersius
1175 2338 1329 2402 intellexit
1348 2360 1404 2421 pre
1425 2334 1608 2421 δράκοντος
1626 2337 1855 2402 restituendum

327 2465 392 2509 esse
415 2437 559 2520 ἄκοντος
581 2444 618 2509 cs.
643 2445 820 2529 Apollodor.
844 2444 919 2509 bibl.
943 2444 990 2508 ΙΙΙ
1016 2446 1065 2521 15,
1091 2447 1118 2521 1,
1142 2444 1170 2508 τ’).
1208 2444 1355 2509 Antonin.
1378 2443 1512 2509 Liberal.
1536 2443 1616 2508 XLI.
1657 2450 1691 2508 at
1714 2438 1856 2527 δράκου-

326 2574 382 2627 τος
409 2552 486 2634 legit
512 2552 668 2634 interpres
692 2550 869 2616 Germanici
894 2574 922 2634 p.
947 2551 1002 2627 94,
1026 2552 1045 2616 9
1069 2551 1151 2616 lenae
1173 2552 1282 2616 dicant
1305 2553 1459 2616 custodem
1482 2552 1593 2616 datam
1615 2551 1766 2631 Europae
1787 2570 1856 2613 rana

326 2678 394 2720 earn
417 2658 560 2723 dracmas.
607 2658 747 2741 Hyginus
770 2658 811 2735 ΙΙ,
834 2658 876 2721 35
899 2680 956 2723 uec
979 2659 1123 2724 draconis
1146 2681 1203 2724 nec
1226 2659 1319 2723 iaculi
1344 2658 1531 2723 mentionem
1555 2658 1639 2722 facit.

414 2764 450 2829 In
469 2764 613 2847 Epitome
631 2764 735 2830 XXIV
755 2764 863 2829 Musae
887 2788 955 2829 cum
980 2767 1029 2830 cui
1053 2765 1170 2850 Orphei
1193 2767 1293 2849 lyrarn
1316 2766 1427 2830 darent
1450 2775 1512 2830 nou
1535 2765 1696 2840 haberent,
1718 2762 1758 2827 ab
1781 2761 1856 2825 love

326 2872 509 2955 impetrasse
531 2871 687 2948 dicuutur,
710 2877 746 2936 ut
768 2873 851 2936 inter
874 2873 977 2937 sidera
1000 2894 1067 2936 eam
1091 2872 1275 2937 conlocaret.
1312 2873 1366 2936 sed
1391 2873 1460 2955 ipsa
1477 2872 1572 2936 verba
1595 2870 1771 2935 adscribam
1793 2859 1856 2955 τὴν

327 2978 362 3043 dt
390 2974 494 3062 λύραν
522 2969 584 3042 οὐκ
613 2973 743 3060 ἔχουσαι
773 2969 841 3062 ὅτῳ
867 2975 1009 3043 δώσετον
1033 2970 1094 3043 τὸν
1118 2980 1177 3043 Ala
1199 2971 1346 3065 ἠξίωσαν
1368 2979 1628 3062 καταστερὶζειυ,
1656 2969 1749 3053 ὅπως
1772 2974 1856 3039 ἐκτί-

325 3107 388 3150 νου
416 3107 450 3148 τε
479 3087 535 3149 καὶ
563 3077 675 3149 αὐτῶν
698 3081 912 3171 μνημόσυνον
935 3091 1019 3168 τιθῇ
1043 3084 1079 3149 ἐν
1102 3098 1173 3162 τοῖς
1196 3079 1337 3170 ι’ἑστροις,
1384 3086 1496 3171 quibus
1520 3085 1598 3150 haec
1620 3084 1735 3167 Hygini
1758 3082 1856 3146 verba

326 3191 517 3276 respondere
540 3193 672 3274 adparet
695 3191 735 3268 ΙΙ,
760 3192 777 3254 'l
802 3192 918 3257 ditescas
937 3242 1015 3258 .....
1037 3193 1140 3275 lyram
1165 3214 1226 3276 qao
1249 3194 1384 3257 mantare
1400 3197 1576 3277 patrarant
1598 3192 1742 3271 beneficio
1764 3189 1856 3253 illias

326 3300 493 3362 nsarreriae
515 3319 613 3362 caasa
635 3301 808 3382 deneratam
831 3299 929 3364 stellis
951 3301 1034 3364 inter
1056 3300 1164 3364 sidera
1186 3301 1382 3365 cerestitaisse
1399 3299 1562 3380 Apollinis
1584 3303 1612 3363 et
1635 3298 1722 3362 Ioets
1743 3297 1855 3361 aelern-

326 3410 402 3483 tatc,
427 3396 615 3488 quamquam
639 3407 793 3489 Hyginus,
816 3406 870 3488 qui
895 3408 927 3470 iu
949 3407 1010 3471 boe
1031 3407 1133 3490 aryrite
1156 3407 1254 3471 alium
1277 3428 1400 3490 quoque
1422 3406 1562 3471 libellum
1585 3404 1743 3480 adhibuit,
1766 3403 1855 3467 etin

258 3571 261 3580 .
326 3511 375 3575 his
393 3513 496 3576 verbis
520 3519 552 3576 et
574 3519 668 3576 autea
690 3512 840 3577 nornrulla
857 3534 878 3576 a
895 3512 1125 3578 Catasterismis
1144 3515 1248 3579 aliena
1265 3514 1465 3579 admiscuisse
1483 3513 1613 3577 videtur.
1651 3512 1712 3574 iam
1732 3510 1856 3575 evolvas

326 3619 530 3702 interpretem
553 3618 730 3683 Germanici
759 3642 787 3703 p.
813 3619 868 3696 84,
893 3620 932 3685 13
961 3623 1089 3702 erresque
1117 3621 1219 3701 lyram
1242 3622 1376 3686 Μιιοατο
1400 3620 1552 3685 dederant
1574 3620 1738 3701 Iouemque
1760 3637 1856 3700 roya-

326 3747 406 3803 eere,
436 3729 470 3790 at
498 3726 565 3791 eius
591 3727 771 3789 υιουιονιῗαυι
798 3728 895 3790 astris
922 3727 1063 3807 traferret.
1109 3729 1184 3810 quid
1211 3728 1271 3792 hue
1298 3729 1345 3792 rai
1372 3729 1438 3792 est?
1483 3729 1566 3792 uude
1590 3726 1707 3790 Musaei
1736 3725 1856 3789 mentio

326 3833 446 3900 inlata?
491 3833 565 3916 quid
594 3834 677 3914 quod
706 3833 787 3896 idem
811 3833 843 3896 in
866 3833 983 3898 scholio
1007 3834 1125 3899 Aratea
1148 3835 1188 3899 ad
1212 3857 1238 3899 v.
1262 3836 1326 3898 264
1349 3857 1378 3918 p.
1403 3834 1458 3911 75,
1486 3834 1526 3897 37
1551 3833 1647 3897 Belrlr.
1670 3853 1856 3896 criminemu-

325 3946 427 4015 ratur,
459 3939 542 4021 quod
571 3937 863 4004 Gatasterismorum
894 3941 1107 4006 narrationem
1139 3943 1171 4004 in
1204 3940 1326 4006 brevius
1357 3947 1548 4006 contractam
1577 3939 1704 4003 exhibet
1732 3944 1857 4003 servata

325 4053 428 4111 tamen
453 4052 543 4109 tarvta
559 4045 606 4110 vel
630 4045 662 4109 iu
686 4045 816 4128 singulis
835 4046 936 4111 verbis
960 4047 1173 4125 similitudine,
1196 4055 1231 4113 ut
1253 4049 1293 4113 de
1316 4047 1402 4113 sonte
1421 4048 1559 4113 dubitari
1580 4053 1722 4128 nequeat.
1759 4045 1857 4109 verba

325 4154 358 4216 in
383 4153 535 4216 Vaticano
568 4157 599 4216 et
631 4152 790 4218 Marciano
823 4155 869 4218 ita
900 4153 1060 4237 leguntur:
1092 4155 1149 4219 καὶ
1179 4146 1261 4239 μετὰ
1289 4151 1442 4219 θάνατον
1471 4146 1574 4218 αὐτοῦ
1601 4144 1667 4239 τὴν
1689 4149 1792 4237 λύραν
1821 4149 1856 4215 αἱ

326 4262 458 4323 Μοῦσαι
487 4255 617 4324 ἔδωκαν
640 4262 802 4344 Μουσαίῳ
827 4252 1057 4347 ἄξιώσαντιΗ)
1080 4252 1142 4327 τὸν
1165 4263 1238 4341 Δία,
1267 4252 1359 4338 ὅπως
1383 4253 1487 4326 αὐτοῦ
1509 4257 1722 4347 μνημόσυνον
1745 4258 1793 4344 εἴη
1817 4256 1856 4321 ἐν

325 4377 395 4444 τοῖς
427 4361 568 4451 ἄστροις.
618 4368 751 4451 adparet
777 4369 885 4431 eadem
915 4367 1092 4433 Germanici
1121 4370 1322 4453 interpretem
1351 4370 1382 4433 in
1410 4368 1551 4450 exemplo
1580 4389 1636 4432 suo
1662 4367 1780 4448 scripta
1807 4366 1856 4428 iu-

325 4473 453 4550 venisse,
476 4475 536 4537 nisi
560 4475 643 4557 quod
667 4495 724 4557 pro
749 4465 927 4553 ἀξιώσαντι
950 4476 1063 4557 legisse
1085 4476 1209 4540 videtur
1233 4468 1423 4556 ιῖξιώσασαι,
1447 4475 1544 4559 quod,
1568 4476 1599 4539 ni
1623 4473 1723 4550 fallor,
1746 4495 1856 4537 verum

326 4638 536 4650 -na

417 4748 446 4811 ¹⁴)
467 4747 518 4799 Pro
537 4746 579 4799 his
599 4762 632 4799 ex
652 4743 809 4813 blosquensi
830 4745 898 4799 haee
917 4741 1045 4814 legantur
1063 4741 1091 4798 in
1111 4742 1231 4799 editione
1251 4743 1349 4799 Bvrhlei
1369 4743 1381 4798 1
1402 4761 1427 4814 p.
1447 4744 1499 4798 ‘284
1523 4729 1556 4797 οὗ
1574 4735 1747 4808 ἀξιώσαντος
1769 4732 1855 4810 λόγος

326 4830 375 4890 τὸν
390 4836 442 4888 aaa
460 4830 547 4903 αὐτὴν
565 4835 780 4906 καταστερίσας
801 4835 942 4888 Beklrerus
961 4824 994 4888 οὗ
1013 4829 1186 4900 ἀξιώσαντος
1204 4828 1220 4887 ‹¹›
1236 4828 1305 4898 Ζεὺς
1324 4828 1412 4902 αι’·τὴν
1430 4829 1641 4900 κατηστέρισεν.
1670 4833 1704 4885 de
1719 4830 1855 4887 Vaticano

326 4932 355 4981 et
373 4924 515 4980 Marciano
533 4923 595 4978 vide
614 4940 684 4994 quae
703 4923 760 4978 dixi
780 4923 808 4977 in
828 4925 1051 4992 Fragmentorum
1071 4923 1216 4994 prooemio.
