3894 5708
461 356 564 409 Sciron.
583 353 677 408 Genu.

497 530 635 585 mittunt.

1223 348 1355 402 Hrornus
1374 348 1408 412 11,
1430 349 1470 402 13.
1677 348 1739 412 103

993 525 1696 613 quandumutindeliciis,quaelovomdicitur

992 636 1116 701 aluisse.
1136 633 1278 697 nonnulli
1293 632 1390 697 etiam
1404 633 1493 714 Aega
1502 630 1584 696 Solis
1597 630 1695 695 tiliam

993 743 1142 806 dixerunt
1162 739 1266 803 multis
1285 739 1421 804 candore
1443 739 1584 821 corporis
1602 758 1695 821 prae-

994 852 1138 924 stantem,
1153 846 1203 911 cui
1222 845 1397 910 contrarius
1406 845 1612 927 pulcritudini
1622 845 1695 909 hor-

994 954 1095 1019 ribilis
1113 954 1280 1035 adspectus
1300 951 1462 1016 existebat.
1487 972 1549 1033 quo
1567 951 1696 1016 Titanes
1723 961 1740 1012 5

901 1050 905 1057 ¹
994 1061 1155 1144 perterriti
1188 1060 1349 1142 petierunt
1374 1079 1394 1121 a
1421 1057 1533 1133 Terra,
1564 1063 1601 1121 ut
1628 1057 1696 1121 eius

994 1188 1106 1249 corpus
1133 1165 1329 1240 obscuraret,
1356 1185 1451 1247 quam
1473 1163 1573 1228 Terra
1600 1184 1694 1246 specu

994 1274 1130 1357 quodum
1149 1271 1266 1336 celasse
1284 1271 1401 1335 dicitur
1420 1271 1452 1333 in
1471 1270 1575 1335 insula
1593 1269 1695 1335 Creta

994 1401 1075 1462 quae
1111 1384 1222 1462 postea
1253 1376 1336 1441 lovis
1373 1375 1471 1441 luisse
1503 1377 1624 1452 nutrix,
1660 1382 1696 1441 ut

993 1492 1068 1549 anto
1101 1485 1310 1561 ostendimus,
1343 1484 1586 1548 demonstratur.
1641 1484 1695 1548 sed
1709 1493 1741 1545 10

993 1615 1064 1656 eum
1087 1591 1208 1673 Iupiter
1228 1590 1329 1655 fideus
1346 1590 1561 1655 adulescentia
1579 1588 1695 1653 bellum

994 1703 1104 1763 eontra
1135 1697 1264 1762 Titanas
1297 1697 1480 1779 adpareret,
1512 1716 1695 1779 responsum

994 1812 1042 1869 est
1065 1805 1103 1879 ei,
1126 1804 1153 1869 si
1176 1804 1300 1867 uincere
1324 1802 1426 1877 vellet,
1448 1808 1486 1865 ut
1504 1793 1596 1885 αἰγὸς
1614 1802 1697 1889 pello

994 1917 1096 1975 tectus
1125 1916 1157 1973 et
1185 1911 1288 1992 capite
1313 1908 1470 1991 Gorgonis
1498 1908 1615 1973 bellum
1637 1909 1695 1973 ad-

994 2018 1202 2092 ministraret,
1229 2036 1325 2100 quam
1352 2015 1469 2098 cepido
1494 2013 1611 2079 Graeci
1637 2016 1741 2079 aci-15

989 2123 1203 2203 preliaverunt.
1259 2124 1366 2205 itaque
1404 2121 1488 2185 facto
1525 2142 1576 2196 eo,
1611 2122 1696 2203 quod

993 2250 1089 2311 supra
1129 2227 1367 2305 declaravimus,
1409 2227 1530 2309 iupiter
1566 2227 1696 2293 Titanas

994 2355 1147 2417 superans
1175 2355 1304 2416 regnum
1334 2339 1382 2399 est
1408 2334 1542 2416 adeptus
1565 2340 1598 2397 et
1621 2334 1696 2397 reli·

995 2462 1057 2525 qua
1085 2462 1156 2506 ossa
1180 2432 1272 2524 αἰγὸς
1294 2441 1424 2523 caprina
1446 2440 1529 2522 pelle
1552 2446 1697 2504 contecta

994 2548 1100 2610 anima
1141 2547 1283 2623 donavit3
1325 2553 1357 2611 et
1393 2547 1493 2610 stollis
1530 2546 1741 2627 tigurotam20

994 2652 1696 2733 memoriaecommendavit3etpostcu,quibus

994 2761 1061 2838 ipse
1083 2760 1202 2822 vicerat
1220 2764 1326 2836 tectus,
1351 2759 1519 2821 Minervae
1536 2760 1693 2821 concessit.

995 2914 1001 2927 .
1013 2914 1020 2927 .
1031 2915 1037 2928 .
1050 2914 1056 2929 .
1067 2864 1173 2928 Iouem
1183 2869 1289 2928 autem
1298 2863 1483 2946 aegiocbum
1492 2863 1695 2946 adpellatum.

1031 3468 1042 3503 s
1070 3449 1195 3502 nonnulli
1224 3465 1373 3517 perperam
1400 3447 1485 3514 airu,
1512 3452 1552 3500 cst
1574 3448 1646 3499 enim
1669 3445 1739 3498 idem

995 3539 1139 3591 Musaeus.
1160 3538 1195 3603 cf.
1211 3537 1260 3589 XI
1274 3538 1380 3590 Concor
1387 3554 1414 3603 p.
1426 3540 1469 3602 91,
1484 3540 1528 3589 21.
1605 3551 1618 3588 4
1636 3533 1738 3602 pulcri-

995 3626 1083 3680 tudini
1105 3625 1136 3678 n.
1175 3625 1369 3693 pulcritudinis
1388 3624 1452 3677 DV.
1538 3626 1554 3678 c'
1570 3639 1586 3674 a
1605 3622 1691 3674 Terra
1710 3629 1740 3673 ut

995 3714 1054 3768 eius
1079 3729 1177 3782 corpus
1201 3713 1361 3766 obscuraret
1385 3712 1446 3765 DV
1468 3712 1541 3764 alit.-
1568 3711 1684 3773 Terrae,
1710 3716 1739 3762 ut

995 3819 1093 3872 corpus
1104 3801 1163 3856 cius
1173 3800 1407 3855 obscurareturlt.
1446 3798 1656 3855 reostendimus:
1667 3797 1738 3850 dixi·

995 3908 1054 3945 mus
1070 3891 1098 3944 V.
1167 3908 1192 3945 ro
1211 3890 1355 3958 figuratam
1375 3888 1436 3943 DV
1451 3888 1512 3940 alii:
1532 3886 1650 3954 figurate
1670 3882 1737 3938 Mu.
