3894 5708
331 414 432 469 Senon.
452 412 545 467 Gauri.
565 412 597 466 G.

393 591 532 644 multtum.

1134 410 1265 464 Hrernns
1285 412 1320 476 ll,
1339 411 1382 465 24.
1542 491 1543 496 η
1591 411 1634 475 99

936 588 1031 653 Cuius
1071 610 1169 672 supra
1208 589 1408 655 simulacrum
1448 589 1592 671 proxime

890 694 1054 779 Virginem
1090 701 1163 760 sunt
1198 695 1280 760 aliae
1312 695 1372 760 VII
1410 695 1519 760 stellae
1550 696 1590 760 ad

891 802 1023 865 caudam
1037 801 1152 867 Leonis
1171 803 1204 865 in
1223 802 1382 884 triangulo
1400 801 1591 877 conlocatae,

890 929 969 989 quas
992 908 1111 973 crinem
1128 908 1295 973 Berenices
1319 930 1386 974 esso
1405 907 1513 973 Conon
1532 906 1590 972 Sa-

891 1013 971 1079 mius
1015 1015 1256 1097 mathematicus
1301 1021 1334 1079 ct
1379 1013 1635 1080 Callimachusb

773 1120 776 1127 '
891 1120 990 1186 dicit·

935 1227 1162 1292 Eratosthenes
1185 1234 1292 1292 autem
1315 1228 1393 1292 dicit
1412 1233 1445 1292 et
1462 1226 1590 1309 virgini-

891 1334 949 1399 bus
972 1333 1094 1399 Lesbiis
1119 1334 1239 1411 dotem,
1262 1356 1356 1417 quam
1379 1335 1491 1417 cuique
1514 1333 1590 1397 reli-

891 1447 973 1505 ctam
996 1461 1016 1504 a
1038 1446 1170 1523 parente
1192 1462 1284 1506 nemo
1306 1440 1443 1517 solverit,
1465 1438 1592 1505 iussisse

890 1547 982 1612 reddi
1004 1552 1037 1611 et
1060 1548 1143 1612 inter
1165 1568 1218 1613 eas
1239 1548 1438 1613 constituisse
1461 1546 1636 1629 petitio-10

890 1674 970 1720 nem.

380 2096 406 2148 p.
427 2080 487 2145 132,
506 2080 549 2134 22.

1215 2078 1250 2143 ΙΙ,
1271 2080 1312 2133 13.

182 2186 379 2269 Agitatorem
438 2186 544 2251 ferunt
598 2184 838 2249 Erichthonium
936 2184 1030 2250 Hunc
1055 2205 1114 2250 nos
1140 2188 1290 2270 euripum
1313 2185 1413 2250 latine
1435 2205 1590 2263 vocemus,
1672 2183 1763 2237 XIII·

135 2293 242 2369 fuisse,
265 2315 358 2377 quem
376 2293 503 2357 fabulae
521 2298 686 2376 poetarum
707 2292 838 2357 Vulcani
891 2293 1016 2356 nomine
1039 2292 1288 2370 Erichthonium,
1311 2298 1347 2357 ut
1368 2293 1592 2388 Eratosthenes

1655 2271 1776 2341 Auriga.

133 2405 168 2463 et
190 2400 307 2464 Terrae
329 2399 428 2463 filium
445 2400 610 2464 'adserunt
652 2420 744 2482 quem
768 2421 837 2463 cum
892 2404 1053 2463 monstrat
1099 2420 1192 2481 quem
1215 2399 1337 2482 Iupiter
1364 2422 1433 2464 cum
1461 2399 1593 2463 vidisset

74 2508 115 2561 55
133 2505 218 2570 Iovis
232 2506 362 2571 vidisset
381 2507 463 2571 inter
481 2506 624 2570 homines
638 2527 733 2588 equos
748 2505 837 2569 albos
890 2489 1028 2587 primum
1048 2506 1132 2570 inter
1154 2505 1297 2570 homines
1315 2527 1411 2590 equos
1430 2505 1593 2588 quadrigis
1603 2514 1636 2567 15

132 2613 267 2695 iungere
308 2619 341 2677 et
376 2612 457 2677 Solis
495 2612 668 2695 quadrigae
704 2612 836 2676 similem
891 2611 1041 2688 iunxisse,
1068 2601 1243 2676 admiratus
1271 2618 1318 2676 est
1346 2611 1506 2693 ingenium
1535 2610 1590 2674 ho-

128 2719 315 2784 hominibus
346 2719 451 2784 facere
478 2721 675 2803 primumque
703 2717 837 2781 Athenis
891 2718 985 2781 minis
1003 2719 1043 2781 ad
1063 2717 1145 2783 Solis
1164 2720 1291 2783 inventa
1308 2718 1485 2794 accessisse,
1507 2718 1592 2800 quod

128 2847 281 2909 pompam
295 2826 443 2891 inducere
457 2826 490 2888 in
505 2846 608 2890 arcem
622 2825 837 2909 templumque
891 2825 917 2887 is
953 2825 1097 2907 princeps
1130 2825 1292 2907 quadrigis
1323 2825 1406 2888 inter
1437 2825 1512 2888 deos
1544 2829 1593 2888 est

130 2930 312 3009 aedificare,
335 2934 419 2998 inter
441 2938 528 2997 astra
551 2932 724 2998 constitnit,

119 3709 156 3749 ιε
175 3693 202 3747 in
221 3693 287 3746 odd.
307 3692 499 3760 Kieaalinpius.

890 2951 972 2994 usus.
1018 2929 1074 2994 sed
1101 2930 1326 2995 Erichthonius
1354 2936 1386 2994 et
1413 2929 1592 3012 quadrigas,

839 3110 846 3124 ι
890 3044 926 3101 ut
944 3042 1020 3100 ante
1037 3036 1184 3113 diximus,
1207 3044 1239 3101 et
1257 3034 1411 3102 sacrificia
1429 3036 1636 3101 Minervae20

891 3149 923 3207 et
946 3143 1097 3226 templum
1121 3144 1153 3206 in
1177 3165 1248 3208 aroe
1267 3143 1506 3208 Atheniensium
1525 3143 1591 3226 pri-

889 3271 959 3313 mus
982 3249 1129 3315 instituit.

936 3357 982 3420 De
1006 3358 1093 3421 cuius
1115 3357 1265 3440 progenie
1284 3356 1452 3439 Euripides
1475 3356 1522 3420 ita
1544 3357 1592 3419 di·

890 3463 947 3526 cit:
980 3463 1157 3528 Vulcanum
1188 3463 1348 3528 Minervae
1379 3462 1592 3546 pulcritudine

927 3691 1001 3745 Xlll.
1013 3692 1203 3746 Tsmrnoma:
1220 3690 1296 3746 Sere.
1308 3691 1405 3761 Georp.
1419 3691 1437 3744 Ι
1443 3695 1508 3746 205.
1533 3691 1636 3745 Lc'dor.

1185 3781 1259 3849 Θήρ.
1278 3781 1338 3835 ΙΙΙ.

925 3868 1052 3924 acrinem
1066 3869 1107 3923 R:
1127 3868 1216 3923 crines
1231 3869 1289 3923 alii.
1361 3869 1418 3934 ref.
1440 3868 1636 3936 Prelepemeac

888 3975 916 4026 p.
936 3962 953 4010 4
971 3974 992 4012 a.
1065 3974 1231 4012 revocamus
1253 3958 1284 4011 V:
1302 3957 1418 4012 dicimus
1437 3957 1494 4010 ulii.
1567 3974 1592 4011 ει
1608 3962 1637 4010 ct

891 4047 1023 4115 templum
1044 4077 1076 4086 -
1095 4064 1120 4101 aa
1140 4047 1282 4101 Minervae
1302 4064 1352 4100 oon.
1377 4046 1405 4099 V.
