3894 5708
704 1556 1235 1662 PROLEGOMENA.

293 1845 448 1910 Libellum
466 1847 520 1929 qui
541 1844 574 1908 in
592 1841 752 1909 codicibus
769 1833 1075 1928 Ἐρατοσθένους
1098 1845 1402 1929 καταοτέριομοὶ
1420 1843 1603 1909 inscribitur
1621 1845 1653 1908 in
1671 1847 1735 1910 sin-

202 1955 285 2038 gulis
307 1954 465 2037 signorum
489 1952 589 2016 stellis
611 1950 787 2015 indicandis
809 1972 880 2014 cum
903 1951 1041 2035 Hygini
1065 1950 1308 2033 astrologiae
1331 1951 1414 2016 libro
1437 1952 1541 2029 tertio,
1564 1951 1597 2017 in
1620 1951 1736 2017 fabulis

203 2068 309 2126 autem
331 2081 411 2142 quae
434 2059 475 2124 ad
497 2059 620 2142 singula
642 2057 747 2123 sidera
769 2063 912 2141 spectant
931 2057 1114 2122 enarrandis
1133 2079 1202 2122 curn
1222 2059 1360 2123 eiusdem
1379 2059 1482 2143 operis
1500 2057 1582 2123 libro
1600 2061 1736 2124 secundo

203 2170 249 2233 ita
272 2167 455 2243 consentire,
477 2172 513 2229 ut
535 2172 591 2230 aut
613 2165 748 2230 alterum
771 2187 809 2230 ex
832 2165 932 2229 altero
955 2164 1145 2249 descriptum
1165 2186 1231 2229 esso
1249 2172 1306 2230 aut
1323 2188 1362 2230 ox
1380 2167 1490 2231 eodem
1509 2166 1595 2232 fonte
1612 2173 1735 2232 utrum-

203 2298 265 2358 que
287 2275 412 2339 fluxisse
439 2295 565 2339 necesse
592 2272 647 2349 sit,
674 2273 757 2338 inter
784 2293 891 2337 omnes
917 2277 1048 2338 constat.
1096 2278 1193 2354 utrque
1220 2272 1455 2359 Bernhardyi
1479 2273 1737 2359 (Eratostheniea

202 2407 232 2468 p.
256 2384 332 2468 129)
355 2383 545 2447 seutentiam
563 2379 803 2446 Catasterismos
826 2401 864 2444 ex
887 2379 1003 2465 Hygini
1022 2379 1202 2462 Astrologia
1224 2380 1394 2446 translatos
1417 2401 1484 2446 esse
1508 2382 1627 2464 opinati
1645 2404 1736 2466 prae·

203 2491 374 2555 elarissime
400 2488 550 2554 refutarit
577 2488 784 2553 Bursianus
813 2486 936 2562 (Jahrb.
964 2486 984 2550 l.
1012 2486 1100 2551 class.
1129 2486 1240 2551 Philol.
1266 2488 1351 2552 1866
1378 2511 1408 2572 p.
1433 2488 1522 2574 765).
1567 2510 1639 2554 nam
1666 2511 1737 2554 cum

203 2598 346 2681 Hyginus
364 2596 405 2674 ΙΙ,
427 2598 440 2659 l
468 2595 597 2660 Callisto
620 2617 642 2658 a
666 2595 853 2678 pudendam
871 2593 1054 2658 Aetolorum
1077 2599 1201 2685 captam
1220 2615 1286 2659 esse
1309 2600 1418 2660 narret
1440 2616 1542 2678 neque
1560 2617 1622 2680 quo
1644 2597 1737 2661 modo

204 2710 259 2769 aut
291 2707 321 2768 in
350 2703 516 2767 Arcadiam
544 2702 650 2767 Aetoli
677 2703 879 2786 pervenerint
905 2708 962 2766 aut
988 2700 1030 2765 ad
1057 2700 1186 2766 Aetolos
1209 2701 1353 2779 Callisto,
1380 2702 1522 2786 intellegi
1544 2705 1656 2787 pessit,
1684 2703 1737 2768 illc

204 2813 411 2877 Artenam
430 2808 615 2876 vocabulum
639 2810 671 2874 in
695 2831 731 2874 eo
750 2808 1053 2885 Catasterismorum,
1076 2828 1137 2891 quo
1160 2808 1303 2893 Hyginus
1325 2808 1483 2887 utebatur,
1506 2810 1676 2895 exemplari
1700 2832 1739 2875 ex

204 2920 416 2983 AIHOADN
430 2917 526 2982 fuisse
544 2923 727 3001 conuptum
744 2917 914 3001 perspexit,
933 2916 1016 3000 quod
1035 2915 1220 2981 vocabulum
1238 2917 1330 2982 unice
1348 2917 1522 2999 requiritur
1540 2939 1597 2983 nec
1614 2922 1737 2982 tantum

204 3026 295 3090 Arati
314 3030 346 3089 et
364 3025 540 3090 Germanioi
561 3027 748 3107 interpretes
767 3025 920 3108 legerunt,
939 3023 993 3089 sed
1013 3029 1121 3088 nostra
1139 3045 1263 3107 quoque
1283 3024 1577 3090 Catastorismorum
1597 3025 1739 3108 exempla

204 3132 361 3198 exhibent.
393 3133 522 3198 fuerunt
544 3154 619 3196 saue
643 3132 697 3215 qui
721 3133 789 3215 ipsa
806 3131 924 3217 Hygini
942 3129 1038 3195 verba
1056 3132 1167 3195 vitium
1187 3132 1380 3197 contraxisse
1398 3132 1460 3196 rati
1479 3153 1536 3215 pro
1555 3131 1739 3196 Aetolorum

205 3240 386 3320 rrqrolornm
405 3238 499 3305 scribi
518 3239 675 3313 iuberent3
694 3238 749 3303 sed
763 3244 848 3304 recte
862 3244 969 3302 monet
983 3238 1165 3315 Bursianus,
1184 3259 1253 3302 cum
1268 3240 1352 3322 apud
1367 3238 1525 3323 Hyginum
1540 3238 1619 3303 hacc
1632 3238 1739 3323 logan·

205 3350 272 3410 tur:
291 3368 373 3428 qrrae
385 3368 455 3410 cram
470 3348 504 3409 in
517 3347 606 3410 silete
620 3351 656 3410 at
669 3345 740 3425 sera
755 3349 936 3428 raperetur,
957 3369 978 3410 a
993 3345 1183 3428 quibasdam
1197 3345 1381 3410 Aetolorum
1394 3350 1490 3426 capta
1504 3346 1550 3409 ad
1563 3347 1740 3428 Lycaonem

200 3454 411 3534 premanere
435 3455 468 3517 ln
491 3453 669 3518 Arcadiam
691 3474 759 3517 crem
781 3453 851 3533 fillo
873 3455 919 3516 cst
941 3452 1093 3530 ‹lcrlncta,·
1119 3453 1165 3516 ‘ibi
1192 3453 1310 3516 dicitnr
1331 3476 1356 3516 e.
1382 3474 1411 3534 q.
1436 3473 1471 3530 s,
1500 3452 1596 3517 verba
1620 3438 1653 3516 ln
1676 3454 1739 3517 Ar·

203 3560 330 3624 caeliam
352 3583 389 3625 eo
410 3566 535 3625 tantum
559 3559 688 3626 consilio
711 3560 821 3625 addita
843 3581 919 3635 esse,
946 3566 982 3623 ut
1004 3559 1110 3644 aliquo
1133 3560 1244 3624 saltem
1267 3560 1360 3625 modo
1383 3559 1486 3625 Aetoli
1516 3560 1547 3623 in
1571 3560 1740 3625 Arcadiam

204 3668 446 3744 deducerentur,
473 3668 581 3750 inepta
608 3689 681 3732 voro
710 3687 791 3744 esse,
813 3668 839 3731 si
868 3665 1051 3746 acpolornm
1078 3666 1252 3750 scripseris,
1279 3689 1348 3732 curn
1376 3672 1445 3731 tota
1466 3689 1517 3731 res
1544 3667 1577 3729 in
1605 3666 1742 3731 Arcadia

203 3778 324 3856 agatur.
352 3774 429 3838 hacc
447 3773 544 3857 igitur
562 3775 722 3868 verissime
736 3773 916 3849 Bursianus,
934 3774 1018 3838 unde
1037 3771 1171 3838 officitur
1190 3794 1290 3856 neque
1306 3773 1545 3839 Catusterismos
1563 3796 1602 3838 ex
1617 3772 1741 3857 Hygino

204 3881 378 3963 descriptos
409 3896 478 3946 csse
509 3885 542 3945 et
572 3903 664 3944 usum
696 3902 763 3946 esse
790 3880 949 3965 Hyginum
977 3885 1104 3946 auctore
1137 3902 1258 3963 graeco.
1304 3880 1367 3945 alia
1399 3881 1538 3945 eiusdem
1569 3881 1615 3944 rei
1647 3901 1741 3963 argu·

203 3995 311 4051 menta
341 3990 374 4051 in
401 3989 511 4052 eadem
538 3988 759 4054 dissertatione
786 3988 959 4053 Bursianus
987 3989 1109 4065 attulit;
1142 4009 1238 4052 unum
1266 4009 1323 4071 ego
1351 3987 1480 4063 addaiu,
1512 3993 1547 4051 at
1579 4008 1628 4051 res
1660 4008 1742 4069 quac

203 4095 301 4159 totius
333 4094 555 4179 disputationis
590 4100 717 4161 nostrae
749 4096 838 4178 quasi
870 4094 1109 4160 fundamentum
1141 4102 1189 4160 est
1226 4096 1310 4159 omni
1343 4094 1541 4159 dubitatione
1578 4094 1741 4159 eximatur.

203 4202 346 4284 Hyginus
364 4201 405 4278 11,
423 4203 453 4279 3,
480 4208 648 4286 postquam
670 4203 845 4268 Draconem
874 4224 944 4267 eum
972 4223 1038 4268 csso
1061 4223 1154 4285 quem
1176 4201 1328 4267 Hercules
1355 4200 1565 4266 interfecisset
1588 4202 1742 4284 exposuit,

204 4310 250 4373 ita
272 4310 390 4391 porgit:
417 4309 472 4373 troc
493 4313 589 4373 ctiam
609 4311 696 4393 sipni
718 4311 787 4387 erit,
817 4310 902 4392 quod
929 4310 964 4373 in
986 4308 1142 4373 sideribus
1169 4330 1270 4390 snpra
1297 4329 1366 4373 cnm
1390 4307 1569 4373 Draconem
1592 4307 1742 4372 Hercul-is

203 4416 409 4480 sirrrnlacrnm
437 4417 621 4495 ostenditur,
650 4423 685 4482 at
707 4416 932 4481 Eratosthenes
959 4416 1167 4493 (tetrametram
1200 4437 1300 4498 qnare
1328 4416 1451 4498 paciaris
1474 4414 1544 4479 licet
1566 4414 1743 4497 intelleqerc

202 4522 276 4586 binc
303 4525 436 4587 nmaimc
459 4523 638 4589 Draconem
665 4524 746 4602 dict·
773 4546 873 4606 noque
897 4524 1068 4607 quidquam
1095 4524 1178 4589 inest
1205 4523 1238 4587 in
1265 4523 1315 4588 his
1338 4522 1455 4600 vorbis,
1482 4522 1567 4605 quod
1595 4520 1742 4587 offendat

202 4633 238 4693 at
260 4651 388 4713 prorsus
411 4630 474 4695 alia
501 4632 533 4695 in
556 4630 787 4696 Catasterismis
811 4631 973 4714 leguntur:
1000 4625 1157 4714 μέγιστον
1187 4628 1220 4694 di
1250 4624 1313 4713 ἔχει
1342 4642 1491 4716 σημεῖον·
1520 4626 1682 4694 ἐπίκειται
1707 4627 1741 4693 a

203 4728 297 4819 αὐτῷ
321 4728 516 4822 Ἡρακλέους
539 4736 691 4818 εἴδωλον,
722 4729 901 4824 ὑπόμνημα
927 4744 990 4802 τοῦ
1018 4729 1149 4821 ἀγῶνος
1175 4727 1251 4813 Διὸς
1279 4733 1403 4814 θέντος
1430 4735 1676 4822 ἐναργέστατον
1703 4743 1743 4819 τῇ

202 4844 452 4929 οχημοτοποιίἰι.
490 4844 593 4911 Draco
616 4845 714 4929 igitur
736 4846 904 4909 niaximum
925 4845 1020 4920 sidus,
1043 4851 1079 4909 ut
1098 4852 1154 4922 est,
1173 4866 1240 4910 esse
1259 4845 1383 4920 dicitur,
1406 4850 1472 4909 tum
1491 4845 1621 4909 additur
1639 4843 1744 4908 Iovem

201 4952 232 5015 ei
253 4950 397 5016 Herculis
421 4952 621 5018 simulacrum
641 4953 882 5038 superposuisse.
919 4957 956 5017 ut
973 4952 1091 5038 Hygini
1113 4952 1271 5018 sententia
1290 4951 1526 5036 exprimeretur,
1544 4950 1744 5018 scribendum

1517 5060 1531 5113 1
