3894 5708
279 354 381 407 Sciron.
400 353 491 419 Grau.
511 352 543 407 G.
562 369 589 421 p2
612 355 669 416 135,
692 353 731 406 14.

229 1168 334 1234 Habet
348 1170 475 1251 quidem
490 1168 598 1233 stellas
612 1170 645 1233 in
660 1171 764 1252 capite
779 1191 883 1246 uuam,

184 1277 216 1341 in
239 1276 372 1358 siugulis
395 1275 512 1339 umeris
535 1275 689 1358 singulas,
717 1277 750 1339 irr
774 1279 881 1359 singu-

184 1382 224 1447 lis
255 1381 370 1447 cubitis
402 1380 501 1445 nihilo
533 1383 636 1446 minus
667 1384 816 1466 singulaa
850 1384 882 1446 iu

138 1499 175 1551 10
184 1489 317 1554 dextera
339 1508 434 1552 manu
451 1508 557 1564 unam,
579 1488 612 1552 in
631 1491 778 1554 sinistrae
797 1511 881 1554 sum-

185 1595 298 1660 mitate
330 1594 423 1670 duaa,
459 1595 513 1677 qui
549 1600 701 1660 vocantur
738 1595 881 1661 Haeduli.

185 1701 314 1766 suntin
337 1721 459 1765 summa
482 1700 567 1765 VIII.

1167 334 1298 405 lIrurrruu
1317 352 1352 415 11,
1373 353 1414 405 13.

1619 353 1680 417 105

983 530 1046 593 Alii
1073 536 1179 593 autom
1207 528 1289 594 hunc
1307 528 1456 593 Mercurii
1478 528 1577 593 filium
1599 551 1638 593 aa

940 637 1048 719 Clytia
1069 640 1194 712 natam,
1222 637 1347 701 nomine
1371 636 1546 719 Myrtilum,
1574 635 1636 700 Oe·

936 746 1043 810 nomai
1065 744 1207 826 aurigam
1231 741 1432 819 definierunt,
1455 743 1543 807 ouius
1566 749 1637 825 post

937 857 1045 916 notam
1064 857 1197 915 mortem
1214 870 1328 932 pareus
1343 871 1456 932 corpus
1471 851 1505 913 in
1518 849 1636 914 mundo

937 957 1136 1024 constituisse
1160 957 1366 1021 existimatur.
1664 966 1681 1020 5

1178 1051 1182 1057 ’
1251 1080 1299 1143 111,
1321 1080 1361 1132 12.

982 1170 1087 1235 Habet
1111 1175 1276 1252 praeterea
1294 1170 1327 1232 in
1346 1170 1450 1251 capita
1469 1168 1593 1234 stellam
1612 1169 1637 1245 1,

938 1280 969 1343 in
1003 1284 1136 1359 utraque
1168 1296 1276 1340 umero
1303 1276 1332 1351 Ι,
1365 1277 1421 1340 sed
1448 1276 1481 1340 iu
1509 1275 1636 1340 sinistro

937 1384 1111 1459 clariorem,
1129 1404 1210 1465 quau
1225 1382 1328 1465 Capra
1342 1387 1480 1458 vocatur,
1499 1382 1532 1444 iu
1545 1389 1634 1447 utro·

936 1513 996 1574 que
1024 1489 1131 1554 cubito
1154 1488 1182 1564 1,
1210 1489 1258 1572 (in
1282 1490 1394 1553 dextra
1417 1489 1577 1573 manui),
1604 1491 1636 1552 iu
1648 1500 1682 1553 10

936 1597 1092 1683 (sinistra)
1115 1618 1210 1661 manu
1233 1595 1274 1671 ΙΙ,
1297 1616 1377 1679 quae
1401 1596 1503 1660 Haedi
1526 1597 1637 1680 adpal-

936 1704 1056 1779 lantur,
1081 1703 1181 1768 stallis
1204 1723 1302 1785 propa
1326 1701 1540 1768 occidentibus
1563 1701 1636 1769 ficti.

938 1811 985 1874 ita
1008 1810 1135 1874 omnino
1158 1817 1232 1874 sunt
1254 1830 1384 1874 numero
1409 1809 1494 1874 VIM.

973 2870 1164 2925 Tusrruouuz
1189 2871 1263 2925 Sera.
1286 2872 1503 2941 Geor9.1205.

975 2978 986 3014 a
1006 2960 1096 3030 Clytia
1111 2960 1154 3014 D.-
1172 2960 1275 3014 Dilicia
1289 2960 1318 3014 V.
1338 2960 1494 3031 Myrtilum:
1512 2961 1642 3031 Myrtium
1650 2961 1680 3015 V.

939 3069 951 3105 a
970 3048 1093 3118 aurigam
1112 3048 1197 3103 fuisse
1221 3049 1249 3102 V.
1359 3067 1385 3104 ιο
1404 3049 1432 3102 in
1450 3050 1549 3104 dextra
1568 3065 1649 3103 manu
1669 3051 1681 3103 1

940 3138 1046 3192 addidi.
1129 3156 1152 3192 ιι
1173 3137 1285 3191 sinistra
1304 3137 1411 3191 addidi.
1494 3156 1519 3193 ra
1538 3136 1596 3192 ficti
1615 3138 1682 3192 DV:

941 3227 1009 3281 sacti
1030 3228 1062 3280 G.
1181 3244 1206 3282 13
1224 3226 1264 3280 ita
1283 3257 1316 3264 —-
1336 3227 1401 3280 v111
1421 3243 1471 3280 om.
1493 3226 1554 3279 DV
1569 3225 1680 3293 aliique.

840 3336 844 3345 ’
939 3316 1005 3370 VIII
1023 3315 1128 3383 scripsi.
1165 3317 1217 3370 Vll
1236 3315 1306 3368 libri.
