3894 5708
1643 362 1682 429 17

153 538 237 619 quod
260 535 336 604 satis
358 537 473 602 mimm
500 545 560 613 est,
592 537 776 622 praesertim
804 560 872 603 cum
901 537 1006 623 paullo
1028 544 1122 604 antea
1144 538 1176 602 in
1200 539 1411 623 disputatione
1436 563 1474 606 ex
1498 540 1681 608 Catasteris·

151 645 211 710 mis
232 645 347 711 hausta
370 648 479 712 eadem
502 646 607 731 opinio
631 648 692 711 iam
714 647 862 723 iudicata,
884 648 939 712 sed
957 648 1064 713 statim
1083 646 1199 712 reiecta
1218 647 1267 713 sit.
1312 649 1375 713 iam
1396 650 1536 725 observa,
1558 673 1683 733 quaeso,

120 796 123 803 -
151 754 377 818 sententiarum
400 756 521 837 copiam
544 755 576 818 in
600 760 749 838 quattuor
771 755 821 819 nis
844 755 1076 820 narrationibus
1099 755 1231 830 obviam,
1255 757 1418 821 considera
1440 757 1565 823 dicendi
1585 780 1681 842 genua

115 858 122 870 '
152 883 203 935 eo,
230 861 315 943 quod
337 861 518 946 plemmque
541 862 573 925 in
596 861 646 925 his
669 861 794 926 scholiis
817 863 966 936 occurrit,
993 862 1091 926 multo
1118 862 1246 926 uberius
1268 869 1362 945 atquc
1386 865 1540 940 omatius3
1569 866 1682 930 desunt

152 989 283 1045 errores,
306 969 418 1053 quibus
441 970 613 1053 particulae
637 989 783 1051 egraeco
803 968 974 1034 translatae
994 969 1057 1034 fere
1076 975 1214 1046 scatens
1231 970 1390 1034 slmillima
1409 978 1456 1035 est
1474 973 1575 1037 oratio
1594 973 1680 1056 frag·

151 1077 265 1140 mentis
287 1076 471 1158 Nigidianis.
516 1083 552 1140 ut
574 1099 636 1141 uno
662 1075 758 1141 verba
784 1078 969 1161 transigam,
996 1081 1145 1161 quattuor
1172 1077 1231 1141 hae
1255 1078 1451 1142 narrationes
1474 1085 1507 1142 et
1529 1080 1616 1162 ipsae
1642 1102 1681 1144 ex

151 1181 279 1264 Nigidio
302 1182 466 1248 fluxerunt

242 1290 286 1355 hc
311 1313 350 1355 no
377 1291 494 1375 primus
522 1292 649 1374 quidem
676 1292 736 1356 hoc
762 1297 881 1364 statuo,
908 1292 963 1355 sed
987 1292 1069 1355 idem
1093 1292 1209 1356 dudum
1232 1312 1252 1354 a
1272 1291 1450 1356 Woelfflino
1474 1293 1528 1373 (do
1551 1293 1584 1356 L.
1605 1292 1679 1357 Am·

150 1398 225 1481 pelii
252 1397 334 1462 libro
361 1399 534 1463 memoriali
562 1421 591 1480 p.
616 1399 657 1461 24
685 1397 723 1482 s.)
751 1406 784 1463 et
810 1421 829 1463 a
852 1398 1024 1463 Iliichelero
1052 1398 1175 1483 (Rhein.
1204 1397 1282 1462 blus.
1311 1398 1389 1462 XIII
1417 1422 1446 1481 p.
1478 1400 1537 1463 117
1567 1400 1604 1483 s)
1634 1402 1680 1464 in-

150 1506 308 1570 tellectum
331 1509 386 1570 est.
432 1509 578 1588 quicum
602 1505 633 1569 in
654 1504 787 1589 Ampelii
811 1507 913 1588 capite
937 1507 1036 1570 altero
1059 1507 1161 1570 omnia
1186 1528 1232 1582 ea,
1256 1528 1335 1590 quae
1358 1506 1390 1570 in
1414 1506 1541 1570 scholiis
1560 1507 1679 1591 Nigidii

150 1614 273 1675 nomine
291 1615 486 1697 praescripto
504 1619 682 1688 narrantur,
700 1614 851 1678 contineri
871 1614 1030 1688 vidbsent,
1048 1617 1148 1676 totum
1167 1612 1227 1678 hoc
1245 1620 1339 1696 capnt
1357 1634 1394 1677 ex
1408 1613 1536 1695 Nigidio
1555 1613 1680 1679 fluxisse

150 1720 321 1784 rectissime
343 1722 578 1793 statuerunt.²⁴)
611 1721 673 1784 iam
690 1742 764 1784 vero
783 1720 944 1802 Ampelius
968 1742 984 1783 c
1007 1726 1156 1801 quattuor
1178 1721 1250 1796 illis,
1273 1720 1444 1803 dequibus
1467 1721 1560 1785 modo
1583 1707 1679 1787 locuti

149 1847 264 1901 snmus,
282 1827 453 1892 historiolis
472 1828 588 1911 tres²⁵)
608 1827 745 1901 exhibet,
764 1827 846 1890 unde
861 1848 913 1890 eas
932 1820 1055 1910 quoque
1074 1826 1257 1909 Nigidianas
1276 1850 1342 1891 esse
1362 1828 1522 1891 evincitur.
1546 1828 1680 1893 altemm

148 1955 212 1998 non
234 1936 442 2017 spernendum
465 1935 621 2018 opinionis
644 1942 769 1999 nostrae
791 1933 1021 1999 firmamentum
1047 1955 1084 1997 ex
1107 1935 1258 1998 Dositheo
1281 1936 1347 2018 peti
1373 1940 1489 2019 potest,
1522 1958 1623 2020 neque
1646 1937 1679 2001 id

148 2040 363 2106 Woelfflinnm
386 2042 480 2123 fugit3
511 2043 566 2106 sed
590 2062 660 2106 eum
684 2042 736 2105 ille
758 2042 817 2105 bac
841 2043 872 2105 in
896 2063 929 2104 re
957 2042 1049 2106 nimis
1077 2041 1180 2105 brevis
1207 2043 1261 2117 sit,
1290 2064 1345 2106 nos
1373 2043 1479 2124 paullo
1502 2043 1678 2108 accuratius

147 2148 386 2231 disputabimus.
432 2148 599 2212 Dositheus
626 2148 724 2231 igitur
746 2147 872 2222 fabulis,
901 2169 978 2229 qruss
1005 2166 1044 2212 ox
1071 2147 1187 2230 Hygini
1213 2146 1411 2229 Genealogiis
1440 2170 1473 2212 se
1496 2148 1678 2230 compilasse

146 2255 216 2338 ipse
235 2261 378 2329 testatur,
396 2261 545 2339 quattuor
563 2256 669 2338 capIta
690 2256 852 2338 praemisit
874 2254 914 2319 ab
934 2255 1057 2337 Hygino
1075 2253 1239 2331 alierra.²⁸)
1276 2276 1409 2337 <purorum
1428 2261 1575 2338 quartum
1593 2257 1678 2338 quod

145 2365 188 2427 de
211 2364 375 2428 duodecim
397 2362 494 2444 signis
521 2363 588 2445 agit
620 2384 764 2445 magnam
792 2369 914 2446 partem
942 2383 979 2426 ex
1007 2361 1134 2444 Nigidio
1162 2359 1287 2426 fluxisse
1314 2361 1480 2427 verborum
1508 2384 1588 2445 quae
1616 2364 1677 2427 iam

144 2471 305 2553 adponam
327 2470 520 2552 comparatio
543 2469 682 2534 docebit:

255 2664 462 2723 Itosrrusvs.²²t
624 2666 757 2720 N1o1mvs
782 2666 906 2718 Frevuvs
934 2683 963 2718 ru
987 2666 1087 2718 Senon.
1111 2666 1201 2718 tinen.
1367 2667 1515 2719 Auentrvs
1534 2665 1568 2718 11.

347 2772 366 2824 I
464 2811 470 2823 .
839 2774 987 2840 pmsta

192 2871 293 2960 Κριὸς
317 2869 369 2943 ὅτι
387 2872 494 2966 ansfrit·
518 2904 568 2944 sc-
667 2879 777 2965 (aries)
818 2901 895 2943 casu
938 2881 1100 2960 repen-tiae
1145 2881 1202 2942 cd-
1300 2881 1386 2943 aries
1447 2879 1476 2942 ci
1533 2878 1677 2963 (Libero)

143 3008 206 3068 per
235 2977 471 3070 ὁδοιποροῦντι
497 2989 569 3052 Διο-
620 2990 734 3067 proruit
757 2987 965 3068 Liberumque
987 2991 1015 3049 et
1038 2988 1204 3049 crcrcibun
1258 3007 1377 3067 opacum
1400 2986 1633 3050 clencortstrucr't.

143 3087 248 3176 ι’ύσῳ.
623 3095 689 3157 duc
720 3095 764 3157 cd
795 3115 915 3177 operum
950 3095 1103 3157 dicioribus
1128 3114 1203 3174 pcr-

623 3201 723 3264 dacil.
1012 3261 1018 3272 ,

341 3307 374 3359 ll.
837 3324 863 3374 p.
883 3307 924 3369 74,
945 3308 985 3359 12.

186 3417 318 3497 Ταῦρος
350 3405 416 3477 ὑπὸ
449 3414 568 3478 Hoetu·
665 3414 923 3500 asumpserunt)
947 3414 1073 3494 Iupiter
1100 3436 1121 3476 ο
1141 3415 1201 3477 Nc·
1299 3419 1413 3477 ίοιοίιε
1427 3414 1676 3494 beneficiclceis

142 3522 256 3596 deunce
279 3527 326 3603 τῴ
350 3521 400 3584 Διὶ
427 3535 568 3604 coaugm-
618 3528 720 3603 putueo
738 3521 893 3606 pauset)
913 3523 1031 3586 dicitur
1048 3543 1110 3601 per
1126 3542 1201 3602 pro·
1256 3542 1345 3603 queem
1359 3522 1483 3601 Iupiter
1497 3521 1677 3600 aNcptauo

234 3786 267 3848 ²⁴)
289 3787 445 3855 Ampelinm
469 3804 521 3841 non
545 3789 650 3842 scholia
674 3788 700 3842 in
725 3789 928 3853 Germanicum,
958 3789 1004 3842 scd
1031 3788 1119 3857 ipsum
1143 3787 1283 3855 Nigidium
1307 3787 1498 3856 exscripsisse,
1527 3794 1555 3839 ot
1579 3803 1612 3840 ex
1637 3788 1677 3840 eis

140 3891 217 3943 quiae
236 3891 319 3942 supina
337 3875 535 3944 disputavimus
554 3878 645 3932 elucet
664 3883 692 3932 et
711 3878 820 3932 instetis
840 3878 1006 3945 argumentis
1025 3877 1145 3931 ostendit
1164 3877 1332 3930 Bttchelerus
1352 3877 1368 3930 l.
1388 3893 1409 3929 s,
1429 3895 1454 3944 p.
1478 3880 1534 3930 tatu.

236 3965 268 4017 ²⁵l
287 3964 430 4032 Ampelius
450 3966 569 4020 Aristaei
593 3967 715 4020 fabulam
739 3967 838 4021 omisit.
875 3967 945 4035 quod
970 3983 1033 4020 vero
1057 3966 1226 4019 Bttchelerns
1249 3982 1275 4033 p.
1302 3967 1352 4018 180
1380 3982 1542 4033 (puemquam
1567 3974 1677 4033 practer

141 4053 302 4122 Ampelium
327 4053 456 4107 Geminos
480 4072 528 4124 pro
554 4057 672 4110 Ilercule
697 4064 725 4109 et
748 4057 855 4110 Theseo
879 4055 1007 4109 hahuisse
1031 4054 1153 4123 negavit,
1178 4071 1252 4108 mero
1276 4071 1367 4106 errore
1391 4054 1493 4106 factum
1518 4071 1578 4107 csse
1601 4063 1675 4122 puto.

141 4142 261 4196 eandem
281 4142 352 4195 enim
376 4143 587 4212 explicationem
612 4146 639 4198 in
663 4145 775 4200 scholiis
794 4145 820 4198 ln
845 4144 1049 4207 Germanicum,
1074 4142 1167 4213 procul
1188 4142 1270 4196 dubio
1294 4158 1328 4196 ex
1346 4141 1470 4211 Nigidio,
1494 4142 1597 4197 adferri
1622 4143 1675 4197 iam

140 4247 228 4300 supra
247 4231 345 4286 monui.

235 4318 267 4377 ¹⁰l
286 4321 448 4376 Woelfflino
467 4325 616 4377 concedere
630 4323 707 4378 nullo
723 4325 800 4378 modo
816 4341 924 4393 possum
939 4325 1007 4377 hacc
1023 4338 1130 4390 qnoque
1144 4320 1305 4375 Dosithoum
1321 4337 1355 4374 cx
1370 4319 1478 4389 Hygino
1493 4321 1675 4389 excerpsisse:

139 4425 208 4463 nam
232 4408 254 4462 si
276 4409 325 4463 ille
344 4410 484 4479 Nigidium
509 4412 634 4480 legisset,
658 4421 733 4467 certe
756 4413 783 4466 in
804 4411 960 4480 Astrolcha
982 4411 1167 4475 adhibuissem
1196 4410 1268 4479 quod
1292 4426 1370 4463 socrus
1393 4410 1496 4463 factunm
1521 4427 1581 4463 csse
1605 4410 1677 4464 inter

140 4514 238 4551 omnes
262 4505 375 4553 constat.
418 4499 529 4553 fabulae
550 4504 600 4555 133
619 4508 648 4555 et
667 4503 731 4567 197,
755 4518 823 4570 quies
841 4501 1017 4555 Woelffliuus
1041 4500 1178 4570 Ilyginum
1203 4498 1314 4567 Nigidio
1337 4497 1439 4552 debore
1462 4505 1553 4567 putat,
1578 4515 1611 4553 ex
1635 4499 1676 4553 cis

140 4593 217 4650 suunt,
236 4603 314 4655 quae,
334 4594 364 4641 ut
382 4589 474 4643 adnot.
496 4591 528 4642 18
547 4589 648 4653 monui,
669 4591 853 4659 interpolatae
873 4594 936 4643 sunt
955 4607 989 4643 cx
1009 4589 1121 4643 scholiis
1139 4589 1168 4642 in
1188 4587 1389 4642 Germanicum.

233 4675 266 4735 ¹²)
289 4676 413 4731 Dosithei
437 4677 620 4745 fragmentum
650 4680 721 4748 apud
747 4678 944 4747 Boeckingium
968 4677 1104 4744 (Dosithei
1127 4676 1251 4745 magistri
1276 4676 1581 4744 interpretamentorum
1605 4677 1676 4731 liber

139 4764 242 4821 tertius
260 4766 371 4820 Bonnae
392 4767 470 4823 18621
489 4773 578 4831 extat3
597 4785 670 4822 ιιιιιιο
689 4768 855 4823 Schmidtius
874 4784 982 4836 quoque
1003 4766 1104 4836 Hygini
1123 4766 1276 4820 falmlarum
1296 4765 1411 4819 editioni
1430 4766 1559 4835 praefixit
1577 4783 1603 4835 p.
1619 4767 1674 4820 LV.

232 4853 266 4920 ²⁴)
284 4853 393 4923 Iupiter
415 4853 547 4923 Neptuno
573 4856 663 4923 frater
686 4859 737 4912 BP.
763 4874 830 4912 corr.
854 4855 1049 4925 KlessIIngius,
1079 4855 1156 4910 cuius
1185 4853 1343 4910 coniectura
1372 4855 1483 4910 scholiis
1511 4854 1676 4910 Strozzianis

139 4943 326 4999 confirmatur.

1449 5034 1465 5087 2
