3894 5708
317 352 417 406 Senon.
437 351 529 405 Gneus.
549 350 581 405 G.
601 368 627 420 p.
648 353 707 416 151,
728 351 769 405 19.

188 957 270 1040 equi
311 978 380 1021 cum
420 958 525 1022 Solem
565 960 655 1022 iuxta
691 958 816 1023 illorum
853 957 912 1022 fnl-

215 1065 369 1129 sissimam
391 1065 570 1148 opinionem
593 1065 763 1130 maximum
782 1067 913 1129 deorum

215 1171 397 1249 honoraret,
424 1172 573 1237 Liberum
601 1181 707 1239 eutem
730 1177 865 1256 patrem,
893 1193 913 1236 a

215 1301 276 1362 quo
306 1278 411 1345 suerat
434 1278 639 1363 glorificatus,
666 1280 793 1344 minime
817 1280 912 1362 glori-

216 1384 339 1463 ficaret,
361 1387 473 1453 sedens
496 1387 529 1450 in
552 1393 658 1452 monte
682 1387 836 1470 Paggaeo‚
859 1408 911 1451 ex-

171 1501 206 1553 10
216 1500 360 1576 spectans
384 1492 466 1559 Solis
489 1499 606 1570 ortum,
629 1495 731 1558 missis
754 1516 774 1558 a
796 1492 912 1558 Libero

214 1606 304 1682 patro
322 1600 501 1684 passeribus
520 1600 718 1666 membratim
737 1601 912 1684 discerptus

215 1710 301 1772 etin
324 1708 526 1773 inferioribus
549 1709 689 1791 sopmltus
713 1716 768 1773 est.

205 4116 230 4154 11
250 4084 418 4168 passeribus:
439 4098 630 4154 Bassaridibus
648 4102 675 4171 β.
712 4099 760 4154 sed
778 4098 847 4153 tales
864 4100 909 4153 ia-

165 4190 259 4258 eptiae
276 4188 438 4242 scholiastae
456 4190 654 4257 relinquendae
671 4196 745 4244 sant.

1221 352 1351 406 Hromus
1370 352 1404 413 11.
1424 353 1448 406 l.

1643 353 1703 417 141

965 532 1019 615 qui
1060 553 1193 614 querens
1229 532 1337 595 uxoris
1368 531 1540 614 Eurydices
1577 552 1661 595 mor·

965 645 1029 703 tem
1047 639 1088 704 nd
1108 638 1225 704 inferos
1244 638 1441 704 descendisse
1455 641 1663 715 existimetur,

965 749 994 809 et
1020 746 1065 809 ibi
1092 747 1221 810 deorum
1241 746 1421 827 propedem
1443 766 1501 810 sao
1524 747 1663 811 carmine

965 851 1115 917 laudasse
1122 857 1253 933 praeter
1267 852 1415 917 [lberam
1424 858 1567 934 patrem
1580 853 1663 916 baar

965 961 1047 1023 caim
1071 959 1224 1046 oblivione
1247 960 1360 1024 dadas
1376 961 1602 1040 praetermisit,
1626 964 1663 1023 at
1688 966 1706 1021 5

967 1065 1088 1130 Oeneus
1113 1067 1149 1131 ia
1171 1068 1328 1148 sacrificio
1351 1065 1506 1132 Dlaaem.
1551 1072 1663 1150 postea

966 1173 1064 1255 igitur
1081 1173 1234 1257 Orpheus,
1256 1180 1293 1238 at
1310 1175 1484 1255 complures
1501 1174 1661 1253 dixerant,

965 1281 1000 1343 ia
1034 1281 1166 1362 Olympo
1197 1285 1312 1360 morde,
1346 1283 1403 1363 qai
1433 1280 1660 1346 Macedoni-am

966 1388 1082 1452 dividit
1100 1409 1121 1451 a
1137 1387 1287 1467 Thracia,
1308 1389 1363 1453 sed
1381 1394 1418 1452 ut
1434 1388 1661 1453 Eratosthenes

965 1495 1020 1571 ait,
1044 1496 1076 1558 iu
1094 1494 1239 1578 Pangaeo
1262 1496 1381 1572 sedens,
1403 1515 1473 1560 eam
1495 1500 1592 1560 eaata
1610 1496 1662 1559 de·
1673 1504 1706 1556 10
1764 1568 1777 1595 ·

966 1600 1143 1680 lederetur,
1176 1601 1292 1666 dicitur
1323 1602 1351 1666 oi
1383 1602 1480 1667 Liber
1511 1602 1662 1668 obiecisse

965 1708 1115 1785 Bacchus,
1133 1729 1213 1791 quae
1232 1729 1344 1792 corpus
1363 1709 1430 1773 eius
1448 1709 1662 1794 discerperent

964 1802 1131 1881 interfecti.
1163 1816 1217 1880 sed
1240 1816 1301 1880 clii
1319 1817 1436 1893 dicaret,
1461 1817 1547 1898 qrcod
1563 1817 1661 1881 icitia

964 1922 1073 1986 Libera
1099 1924 1141 1986 sit
1163 1922 1355 2003 speculatus,
1383 1923 1420 1986 id
1442 1923 1470 1986 el
1494 1924 1661 2001 cecidisse;

964 2027 1071 2094 Muses
1098 2036 1204 2094 nutem
1231 2029 1372 2094 conlecta
1395 2029 1535 2094 membre
1558 2029 1660 2113 sepul·
1672 2038 1705 2092 15

962 2141 1053 2200 turae
1076 2139 1249 2213 mandasse,

964 2876 997 2935 et
1018 2871 1118 2953 lyram
1137 2890 1198 2954 quo
1217 2869 1352 2933 maxime
1374 2873 1544 2951 potuerant
1566 2867 1660 2933 bene·

964 2975 1048 3055 ficis,
1074 2976 1160 3043 illius
1182 2977 1350 3042 memoriae
1373 2996 1466 3041 eausa
1492 2973 1661 3059 figuratam

964 3084 1062 3148 stellis
1076 3084 1160 3151 iuter
1173 3085 1278 3151 sidere
1291 3083 1490 3149 constituisse
1504 3080 1660 3165 Apollinis
1669 3091 1704 3146 25

964 3197 997 3255 et
1015 3190 1098 3257 Iovis
1117 3192 1288 3268 voluntate,
1306 3190 1390 3274 quod
1405 3188 1548 3272 Orpheus
1564 3189 1659 3273 Apol·

962 3298 1059 3363 linem
1075 3301 1210 3363 maxime
1228 3297 1388 3375 landa-rat3
1411 3296 1533 3380 Iupiter
1553 3301 1660 3362 autem

964 3403 1029 3471 filio
1053 3405 1237 3471 beneficium
1260 3407 1420 3472 eoncessit

998 4117 1024 4156 sc
1033 4101 1104 4169 quod
1116 4099 1146 4155 V.-
1160 4117 1273 4170 quorum
1288 4099 1353 4154 DG.
1390 4117 1416 4155 sc
1425 4099 1553 4154 laudaret
1563 4099 1703 4153 Bantius:

963 4187 1089 4243 laudaret
1107 4190 1177 4242 libri.
1214 4207 1240 4244 ss
1258 4189 1316 4243 filio
1337 4189 1398 4243 GV:
1417 4189 1491 4243 filiae
1511 4189 1547 4243 D.
