3894 5708
1693 358 1733 424 13

206 562 385 607 eoncessum
416 546 472 607 est.
521 541 643 605 accedit
673 545 776 605 autem
805 539 963 605 Eudociao
994 540 1219 618 testimouium,
1251 543 1290 606 de
1319 565 1380 626 qua
1406 542 1512 626 paullo
1539 547 1612 626 post
1638 541 1733 607 rerba

206 649 332 722 faciam
355 650 432 715 dicit
455 650 537 714 enim
559 673 588 734 p.
612 649 676 714 339
701 640 785 714 {ard
808 648 842 713 di
867 639 921 713 ded
943 640 983 713 τὸ
1006 651 1142 727 πλιιοος
1164 645 1247 714 εἶναι
1271 649 1467 716 velundae.
1508 673 1640 735 quocum
1660 673 1733 717 cou-

206 759 303 822 sentit
325 758 365 835 is,
388 759 441 842 qui
465 759 581 842 Hygini
605 758 726 822 fabulas
750 758 1004 843 irrterpolavitffl)
1031 758 1093 822 192
1116 782 1144 841 p.
1170 760 1242 834 123,
1264 758 1285 822 5
1308 758 1451 824 Schmidt
1473 765 1501 824 ct
1526 760 1604 843 qaia
1621 758 1733 840 plures

206 869 311 945 ονοιιι,
285 865 471 931 tPlr'odcs
498 867 562 930 dict
550 871 609 931 t.oe
660 866 721 930 iam
750 867 807 949 igit
808 886 845 928 ur
871 866 904 929 in
932 886 982 941 co,
1010 886 1070 950 quo
1098 866 1239 950 Hyginus
1265 867 1375 932 utebat
1363 874 1415 933 tur
1442 869 1646 953 exemplo—
1670 890 1733 934 nou

206 973 326 1038 Musaei
351 980 443 1052 certe,
466 974 522 1040 scd
543 996 594 1057 my
596 974 765 1057 thographi
788 973 918 1038 alicuius
940 973 1061 1038 velt
1011 995 1046 1037 as
1048 974 1170 1057 trologi,
1193 995 1284 1058 quom
1307 975 1441 1040 adbuc'
1432 997 1677 1058 ignoramus-
1700 977 1732 1039 in

206 1081 292 1147 illo
283 1083 343 1164 igit
344 1104 381 1146 ur
403 1082 545 1165 exemplo
566 1086 614 1148 IB
631 1104 777 1147 uumerus
800 1083 832 1146 iu
855 1085 903 1146 Il}
919 1087 1081 1165 corruptus
1100 1088 1176 1146 erat.
1187 1083 1229 1166 19)
1268 1103 1366 1166 quare
1384 1084 1436 1148 ille
1456 1084 1605 1149 traditam
1556 1104 1733 1148 amuarra-

206 1191 323 1255 tionem
354 1190 401 1255 ita
430 1191 653 1256 immutaret
624 1190 810 1265 studui‚u
811 1190 972 1273 taliquas
999 1189 1061 1253 salt
1047 1194 1109 1254 tem
1136 1212 1195 1272 par
1196 1196 1243 1255 tes
1270 1196 1334 1255 tres
1361 1191 1434 1255 illae
1460 1191 1583 1274 puellae
1610 1190 1732 1256 librarii

206 1319 312 1363 errore
339 1299 462 1363 Atlanti
488 1299 623 1364 donatae
651 1298 864 1373 haberent30
866 1304 976 1362 teum
1004 1304 1162 1362 auctorem
1190 1319 1336 1381 graecum
1363 1294 1525 1385 Πιιμιὶδις
1552 1320 1572 1363 a
1598 1302 1734 1378 πλειους

207 1406 348 1471 derivare
371 1407 513 1483 vidisset,
539 1406 600 1471 hoc
622 1407 699 1471 ita
691 1429 723 1469 m
745 1428 835 1471 usum
858 1428 947 1471 suum
971 1405 1185 1481 convertit,u
1187 1406 1374 1471 tscriberet
1361 1412 1498 1490 tqaore
1521 1409 1606 1489 qaod
1623 1408 1734 1489 plores

207 1515 287 1578 idem
309 1514 469 1593 suaserant,
495 1514 687 1599 (nimirum'
679 1537 711 1578 m
734 1514 935 1579 oonsiliot
886 1520 935 1578 sat
938 1514 963 1577 is
986 1513 1128 1589 ridiculo,
1151 1513 1234 1596 quod
1258 1514 1397 1597 Hyginus
1421 1518 1604 1599 superstites
1627 1518 1734 1581 decern

205 1644 327 1688 sorores
350 1622 497 1688 habuisse
521 1622 580 1688 sibi
604 1621 709 1709 fiuxit)
727 1621 864 1687 Pliadas
887 1622 996 1686 ιιίοιαε.
1034 1622 1088 1697 ita,
1111 1621 1263 1698 ni·lallor‚
1286 1623 1391 1686 omnia
1413 1623 1507 1705 planu
1526 1621 1613 1689 fiurrt.
1650 1625 1734 1707 quod

205 1752 278 1795 vero
301 1729 462 1795 Musaeum
484 1752 547 1794 nou
566 1730 757 1816 quindecim,
780 1731 834 1795 sed
853 1730 1017 1795 duodecim
1035 1727 1115 1793 filias
1134 1729 1255 1793 Atlanti
1274 1730 1421 1795 tribuisse
1440 1737 1554 1808 statue,
1576 1732 1657 1797 facio
1675 1732 1736 1797 hoc

204 1839 354 1922 primum,
386 1839 470 1922 quod
500 1839 582 1903 ratio
612 1839 771 1923 postulare
799 1838 936 1914 videtur,
967 1843 1035 1902 turn
1063 1859 1135 1902 vero
1163 1837 1346 1902 'testimonio
1373 1838 1459 1903 nisus
1486 1839 1673 1904 scholiorum
1702 1841 1733 1903 ιιι

205 1945 336 2011 Iliadem
360 1949 393 2010 Σ
412 1947 487 2011 486.
532 1947 586 2011 sed
610 1946 678 2029 ipsa
700 1945 808 2022 verbu,
831 1945 937 2029 qualia
960 1947 992 2009 iu
1011 1945 1131 2010 Veneto
1156 1945 1183 2009 A
1207 1950 1340 2022 exstant,
1363 1946 1547 2010 adscribam.
1593 1939 1652 2024 τὰς
1674 1947 1734 2030 μιν

204 2053 502 2141 κατηοτιοιομὲνας
530 2052 566 2118 ἰν
593 2061 641 2138 τῷ
668 2049 814 2137 μετώπῳ
843 2060 903 2116 τοῦ
931 2048 1057 2137 Ταύρου
1076 2043 1192 2129 ‘l'riduc
1220 2054 1321 2134 φασιν
1345 2051 1512 2138 εἰρῆσθαι,
1539 2044 1597 2129 τὰς
1621 2052 1655 2117 δὲ
1680 2052 1733 2117 ἐπι

204 2172 262 2251 τῆς
290 2156 451 2249 ἡμιτόμου
477 2167 622 2246 alserada
645 2156 811 2247 Πληϊάδας
834 2164 1018 2225 καλεῖσθαι.
1068 2153 1237 2237 Ἄτλαντος
1259 2152 1320 2245 γὰρ
1344 2167 1406 2225 τοῦ
1429 2152 1576 2226 Ἰαπετοῦ
1598 2163 1654 2225 και
1679 2159 1734 2224 Αἴ-

203 2278 292 2356 θρας
314 2279 371 2356 τῆς
393 2261 557 2349 Ὠκεανοῦ,
580 2264 673 2333 καθά
696 2287 775 2355 φησι
803 2269 942 2352 clpam,
966 2267 1146 2352 θυγατέρες
1169 2264 1299 2332 δώδεκα
1322 2270 1378 2332 καὶ
1402 2260 1472 2345 olda:
1488 2259 1571 2343 Ὕας.
1613 2274 1736 2331 τοῦτον

204 2379 243 2444 ἰν
263 2375 367 2461 Λιβύῃ
390 2383 636 2464 κιναμτοῦντα
660 2369 737 2459 ὄφις
759 2378 893 2440 arelius·
918 2377 974 2439 καὶ
997 2372 1031 2439 αι
1053 2374 1114 2457 μὲν
1133 2371 1158 2438 ε’
1177 2367 1238 2439 τὸν
1258 2367 1405 2456 clariola
1425 2381 1608 2461 θρηνοῦσαι
1633 2367 1735 2438 dadi-

204 2491 322 2551 λυνται
351 2476 404 2550 διὰ
432 2481 554 2571 λύπην,
583 2474 621 2562 ἃς
649 2476 690 2549 δι’
714 2479 829 2549 οἶκτον
857 2484 1093 2567 καταοτιμιοας
1121 2474 1139 2547 ὁ
1164 2473 1245 2559 Ζεὺς
1263 2475 1379 2559 Ὑάδας
1407 2477 1624 2564 ἐπωνόμασεν
1649 2479 1736 2545 ἐπιο-

203 2594 306 2680 ιομίᾳ
332 2599 394 2657 τοῦ
422 2584 578 2674 ἀδελφοῦ.
630 2590 662 2657 αἱ
692 2592 725 2656 δὲ
755 2587 784 2674 ζ’
808 2590 955 2675 βραδέως
981 2589 1056 2674 μὲν,
1084 2590 1220 2665 πλειους
1247 2589 1280 2654 di
1311 2581 1546 2654 ἅποιιιανοῦοαι
1574 2585 1737 2675 Πληιάδες

203 2699 416 2786 dogmata)
462 2721 541 2784 quae
569 2699 665 2764 verba
691 2699 783 2783 vulgo
810 2700 893 2762 inter
920 2698 1038 2762 Timaei
1066 2697 1244 2779 fragmenta
1271 2695 1456 2760 referuntur.
1502 2697 1538 2760 cs.
1567 2695 1599 2760 C.
1622 2694 1737 2760 Miiller

204 2806 239 2871 F.
262 2806 301 2869 H.
325 2805 362 2871 G.
384 2805 400 2869 Ι
423 2829 452 2890 p.
478 2806 540 2871 198
564 2831 592 2890 p.
617 2807 667 2871 25.
714 2812 747 2871 at
774 2809 800 2870 si
828 2806 986 2890 Hyginum
1015 2810 1046 2869 οι
1073 2804 1275 2869 scholiastam
1298 2802 1475 2869 Germanici
1503 2804 1737 2880 contulerimus,

203 2935 269 2978 ιιοιι
293 2913 507 2979 dubitabimus
530 2936 586 2998 pro
610 2915 736 2978 Timaeo
760 2913 880 2978 Musaei
903 2934 1015 2977 nomen
1039 2914 1212 2977 restituero.
1254 2918 1354 2976 restat
1376 2916 1412 2976 ut
1435 2910 1631 2996 explicemus,
1653 2912 1737 2976 uude

202 3021 246 3084 do
278 3020 380 3085 bestia
411 3042 491 3104 quae
518 3020 619 3104 Hyam
651 3021 774 3085 necarit
805 3025 896 3084 tanta
927 3022 1010 3084 inter
1043 3026 1138 3084 testes
1171 3021 1323 3085 dissensio
1351 3024 1421 3084 orta
1449 3021 1503 3097 sit,
1535 3041 1603 3084 cum
1632 3026 1737 3084 tumen

202 3149 313 3192 omues
335 3126 412 3193 haeo
431 3127 591 3192 Musaeum
614 3150 744 3192 narrare
768 3133 929 3191 testentur.
965 3149 1036 3192 nuru
1060 3127 1179 3192 scholia
1201 3128 1233 3191 in
1252 3128 1391 3202 Iliadem,
1414 3127 1598 3209 quibuscum
1620 3127 1738 3191 scholia

203 3237 239 3298 in
263 3235 395 3298 Aratum
417 3255 443 3297 v.
468 3233 532 3298 254
555 3256 584 3317 p.
609 3235 660 3311 73,
683 3234 725 3299 25
749 3235 846 3299 Beklr.
869 3235 1079 3310 consentiunt,
1107 3241 1296 3317 serpentem,
1323 3234 1464 3317 Hyginus
1487 3234 1621 3309 leonem,
1648 3233 1737 3298 scho-

201 3342 313 3406 liastes
340 3340 519 3406 Germanici
551 3349 582 3406 et
610 3342 859 3426 Hyginiarrarum
890 3341 1067 3405 fabularum
1095 3342 1302 3424 interpolator
1329 3342 1377 3406 vel
1405 3341 1525 3407 leonem
1552 3341 1600 3405 vel
1627 3363 1737 3424 aprum

202 3449 303 3513 fuisse
335 3448 473 3513 tradunt
524 3450 577 3513 diu
611 3450 643 3514 iu
675 3450 733 3514 bac
761 3448 942 3533 quaestione
970 3448 1073 3525 haesi,
1104 3449 1204 3512 donec
1232 3450 1264 3513 iu
1290 3448 1371 3524 hauc
1399 3449 1604 3532 suspicionem
1632 3449 1737 3526 incidi,

202 3577 287 3638 quae
310 3556 368 3619 etsi
392 3555 519 3621 minime
542 3563 628 3622 certa
651 3556 705 3632 sit,
734 3557 865 3621 fortasse
888 3563 993 3620 tamen
1017 3557 1088 3620 aliis
1112 3576 1235 3640 quoque
1257 3555 1425 3621 adridebit.
1471 3555 1632 3620 Musaeum
1655 3556 1737 3619 enim

202 3667 317 3744 utpote
347 3667 472 3746 poetam
505 3668 560 3727 aut
587 3662 766 3728 obscuriore
793 3668 848 3728 aut
876 3664 1015 3747 generali
1043 3663 1193 3729 vocabulo
1221 3685 1311 3728 usum
1340 3662 1435 3729 fuisse
1462 3665 1614 3746 suspicor,
1645 3663 1738 3745 quale

298 3893 328 3947 ¹⁸)
348 3893 423 3947 luter
442 3894 544 3964 Hygini
568 3895 677 3948 falmlas
701 3895 802 3963 passim
826 3897 996 3951 narrationes
1021 3902 1166 3950 occurrunt
1190 3912 1251 3949 curn
1275 3893 1387 3949 scholiis
1411 3893 1437 3946 iu
1458 3891 1651 3947 Germanicum
1675 3908 1737 3945 con·

203 3980 317 4049 scriptis
341 3982 408 4036 satis
430 3991 560 4038 aceruate
585 3993 777 4052 congruentem
807 4002 873 4053 quas
898 3986 1078 4054 interpolatos
1103 4002 1162 4039 esse
1186 3991 1323 4055 sumptum
1348 3982 1433 4052 magis
1458 3989 1500 4036 ost
1523 3998 1603 4050 quarn
1628 3981 1737 4035 domon-

204 4075 330 4124 stratum.
356 4088 389 4124 on
405 4071 456 4125 tibi
471 4072 651 4126 certissimum
668 4083 865 4142 argumentum.
890 4074 917 4127 in
934 4076 1028 4128 fabula
1044 4076 1095 4128 132
1109 4075 1252 4130 duodecim
1268 4073 1390 4128 Atlantis
1404 4073 1479 4127 filiae
1494 4077 1739 4125 commemorantur

203 4168 234 4210 et
259 4159 332 4227 Hyas
356 4160 390 4212 αι
414 4177 484 4228 offrre
509 4161 549 4215 cel
571 4162 646 4215 leone
674 4162 778 4217 occisus
807 4180 867 4218 esso
895 4164 1007 4229 ιιίοἰιιιις
1037 4165 1071 4217 de
1100 4172 1215 4234 utroquo
1244 4163 1380 4219 consentit
1408 4162 1544 4231 interpres
1573 4158 1738 4222 Germanici,

204 4248 336 4302 dissentit
350 4249 474 4318 Hyginus
493 4249 520 4303 iu
535 4250 699 4319 Astrologia,
720 4251 767 4319 qui
787 4252 856 4305 nihil
875 4254 909 4307 dc
929 4270 995 4322 apro
1014 4255 1106 4306 habet.
1132 4271 1186 4322 qua
1204 4270 1233 4308 ιο
1252 4257 1302 4307 has
1321 4252 1480 4321 particulas,
1502 4257 1595 4320 utpote
1614 4265 1685 4317 quae
1704 4264 1737 4301 ex

203 4337 318 4391 scholiis
343 4338 369 4391 in
394 4339 586 4393 Germanicum
611 4339 754 4406 fluxerint,
779 4343 813 4395 ad
837 4343 942 4395 scholia
965 4343 1014 4396 illa
1038 4345 1210 4399 emendanda
1235 4343 1293 4396 iure
1318 4348 1408 4396 nostro
1432 4339 1563 4395 adhibere
1587 4353 1737 4407 possumus.

204 4443 238 4480 ao
264 4426 387 4497 suspicor
411 4444 444 4482 ea
467 4428 527 4497 ipsa
547 4446 617 4497 quae
637 4445 720 4498 snpra
739 4430 871 4501 adscripsi
893 4431 976 4485 verba
994 4432 1022 4485 in
1041 4431 1142 4487 nostris
1162 4432 1326 4487 scholiorum
1346 4429 1425 4485 libris
1443 4446 1508 4484 casu
1527 4433 1633 4482 tautum
1654 4425 1738 4480 iuter·

204 4515 315 4570 cidisse.

297 4605 328 4664 ¹⁹)
346 4605 441 4661 Simile
471 4606 565 4661 vitium
595 4608 688 4678 paullo
716 4615 777 4676 post
804 4625 830 4677 p.
850 4608 929 4675 διδ
952 4609 1073 4674 obvium,
1102 4612 1173 4679 quod
1202 4611 1298 4665 eudem
1328 4609 1433 4664 ratione
1461 4614 1548 4662 ortum
1576 4622 1636 4660 esse
1665 4609 1738 4673 puto.

204 4693 330 4762 Hyginus
349 4695 450 4749 Oriona
468 4696 579 4750 Pliadas
598 4714 649 4766 per
667 4703 772 4766 septem
791 4714 876 4751 anuos
895 4705 1069 4766 persecutum
1089 4716 1148 4753 esse
1168 4706 1275 4767 rrarrat;
1299 4699 1419 4756 debebat
1437 4715 1487 4770 per
1505 4712 1590 4751 annos
1609 4693 1738 4763 quinquo

205 4782 241 4836 ci
261 4783 304 4836 Et.
325 4801 412 4852 magn
433 4785 492 4849 675,
512 4785 731 4850 3dl=l¹indar
752 4785 784 4839 fr.
804 4788 838 4840 52
858 4787 970 4853 burghl,
994 4788 1077 4841 sihol.
1098 4790 1175 4843 Arat.
1195 4807 1218 4843 ι.
1238 4790 1290 4842 254
1310 4806 1335 4857 p.
1356 4790 1398 4851 73,
1417 4792 1459 4845 30
1480 4787 1573 4854 itaque
1592 4783 1619 4837 in
1639 4798 1739 4851 graeco

205 4870 285 4937 libro,
305 4887 386 4939 quem
401 4872 525 4941 Hyginus
540 4873 707 4940 compilavit,
727 4874 780 4926 Ε
773 4892 800 4928 ru
820 4875 846 4927 Z
862 4885 1018 4945 corruptum
1038 4876 1122 4929 fuisse
1142 4883 1240 4929 statuo.

296 4961 329 5029 ²⁰)
348 4961 389 5016 De
408 4962 523 5033 singulis
543 4962 634 5017 serbis
653 4963 686 5017 cl
707 4962 896 5035 catalogorum
916 4966 1082 5036 Fragmenta
1101 4966 1140 5018 ιιι
1159 4983 1185 5034 p
1206 4966 1247 5020 43.
