3900 5706
271 383 371 438 Sciron.
390 383 483 436 (lnam
504 380 536 436 G.
1088 377 1220 434 Hrorsus
1237 378 1273 444 11,
1292 379 1316 433 4.
1691 375 1731 440 ’Π

336 561 473 615 omiuont.
671 560 839 633 mnvertit3
852 563 888 623 at
900 556 991 642 pueri
1005 557 1146 623 membra
1160 557 1302 622 conlecta
1311 564 1343 621 et
1358 556 1532 640 composita
1544 554 1578 618 in
1592 574 1690 619 unum

670 664 760 704 ***
783 665 873 730 dedit
891 666 1017 730 cuidam
1036 664 1217 731 Aetolorum
1241 663 1398 729 alendum.
1436 663 1491 746 qui
1508 661 1690 729 adolescens

671 772 774 837 factus
796 772 828 834 in
852 772 938 837 silvis
960 794 1029 837 cum
1054 776 1235 848 venaretur,
1262 771 1378 837 inscius
1403 771 1484 835 vidit
1501 776 1636 834 matrem
1657 769 1690 833 in

671 900 764 944 ursae
778 877 914 962 speciem
932 899 1121 944 conversam.
1159 899 1252 962 quem
1271 876 1448 943 interficere
1462 878 1605 961 cogitans
1619 898 1690 960 per·

672 991 799 1051 secutus
813 991 861 1050 est
874 986 908 1050 in
923 986 1006 1051 Iovis
1014 986 1130 1070 Lycaei
1145 985 1305 1069 templum,
1319 1007 1382 1068 quo
1397 987 1427 1051 ei
1441 985 1494 1068 qui
1510 984 1717 1050 accessisseto

673 1114 758 1158 mors
785 1113 887 1176 poena
914 1099 983 1158 erat
1006 1094 1165 1159 Arcadum
1187 1093 1270 1178 lege3
1297 1094 1405 1178 itaque
1429 1114 1500 1157 cum
1523 1095 1691 1176 utrumque

673 1221 799 1265 neccsse
823 1207 906 1266 esset
929 1198 1080 1277 interfici,
1107 1200 1229 1283 Iupiter
1256 1221 1365 1265 corum
1391 1200 1539 1264 misertus
1567 1205 1692 1282 ereptos

673 1307 756 1371 inter
770 1307 875 1372 sidera
889 1307 1070 1385 conlocavit,
1084 1313 1120 1373 ct
1133 1312 1208 1372 onte
1222 1308 1369 1372 diximus.
1388 1306 1441 1371 hic
1455 1311 1561 1372 autem
1575 1327 1593 1371 e
1606 1305 1691 1370 facto

673 1434 807 1497 sequens
821 1435 928 1480 ursam
942 1414 1133 1498 perspicitur
1147 1420 1178 1479 et
1194 1418 1324 1480 Arctum
1339 1434 1467 1479 servans
1476 1411 1692 1497 Arctophylax

674 1526 722 1585 est
739 1521 927 1604 adpellatus.
1703 1528 1737 1580 10

716 1627 866 1692 Nonnulli
887 1627 971 1692 hunc
988 1628 1114 1693 Icarum
1132 1629 1286 1713 Erigones
1309 1634 1433 1713 patrem
1456 1629 1618 1703 dixerunt,
1642 1626 1693 1691 cui

673 1741 804 1817 propter
831 1735 985 1799 iustitiam
1014 1740 1047 1800 et
1073 1734 1225 1819 pictatem
1253 1737 1453 1800 existimatur
1479 1732 1575 1799 Liber
1601 1739 1693 1817 pater

673 1840 781 1905 vinum
800 1847 832 1906 et
849 1841 945 1906 vitem
963 1846 996 1906 et
1017 1862 1110 1907 uvam
1129 1842 1308 1920 tradidisse,
1329 1847 1367 1908 nt
1389 1842 1571 1908 ostenderet
1593 1840 1693 1906 homi·

673 1946 767 2012 uibus
790 1950 968 2033 quomodo
992 1954 1150 2014 sereretur
1173 1949 1303 2032 etquid
1328 1969 1367 2014 ex
1389 1969 1427 2014 ea
1448 1952 1630 2014 nasceretur
1653 1953 1694 2025 et,

675 2074 745 2118 oum
764 2060 847 2120 esset
860 2060 980 2132 uatum,
999 2077 1061 2139 quo
1079 2057 1173 2121 modo
1191 2056 1240 2120 uti
1258 2061 1428 2139 oporteret
1509 2055 1565 2121 alii
1584 2055 1694 2121 dicunt
1704 2063 1738 2118 15

675 2160 800 2225 Icarum
814 2183 884 2226 curn
900 2160 1045 2227 aLibero
1058 2167 1150 2247 patre
1164 2147 1270 2227 riuum
1285 2162 1466 2246 accepisset,
1484 2162 1592 2228 statim
1606 2166 1694 2228 utres

674 2267 784 2349 plenos
811 2268 845 2332 in
872 2268 1048 2353 plaustrum
1075 2271 1272 2352 imposuisse3
1298 2269 1359 2334 hac
1384 2291 1420 2334 re
1448 2270 1543 2335 etiam
1571 2270 1694 2335 Booten

675 2373 876 2458 adpellatum.
905 2376 959 2458 qui
987 2398 1056 2441 cum
1083 2375 1306 2459 perambulans
1328 2375 1507 2442 Atticorum
1530 2374 1607 2442 fines
1636 2396 1693 2461 pa·

675 2479 814 2545 storibus
845 2482 1039 2559 ostenderet,
1074 2483 1218 2548 nonnulli
1249 2504 1359 2549 comm
1389 2482 1541 2549 aviditate
1574 2484 1693 2549 inducti

675 2585 761 2669 pleni
783 2608 862 2654 novo
885 2609 999 2671 genere
1017 2589 1155 2674 potionis
1173 2610 1282 2655 somno
1300 2591 1535 2673 consopiantur,
1558 2590 1612 2655 alii
1631 2591 1738 2655 aliato

676 2713 713 2758 ac
744 2694 879 2759 decebat
908 2694 1119 2779 loquebantur
1149 2701 1245 2779 atque
1272 2696 1353 2761 alius
1379 2696 1473 2761 aliam
1501 2718 1535 2761 se
1562 2696 1595 2760 in
1622 2717 1695 2781 par·

676 2805 740 2864 tem
768 2800 904 2866 reiciunt
930 2807 966 2866 ut
993 2802 1188 2867 semimortui
1215 2803 1356 2868 membra
1382 2804 1543 2868 iactantes.
1582 2804 1694 2887 reliqui

677 2927 785 2972 corum
807 2905 957 2973 arbitrati
975 2929 1128 2973 venenum
1147 2909 1188 2973 ab
1207 2909 1297 2974 Icaro
1316 2910 1425 2974 datum
1448 2908 1637 2993 pastoribus,
1659 2916 1696 2974 ut

677 3036 787 3079 eorum
805 3035 919 3099 pecora
937 3015 1080 3099 abigeret
1098 3017 1131 3079 in
1149 3037 1222 3081 suos
1239 3013 1331 3093 fines,
1354 3015 1478 3081 Icarum
1495 3015 1697 3081 interfectum

676 3122 713 3186 io
726 3126 859 3202 puteum
876 3121 1062 3201 deiecerunt,
1084 3122 1139 3187 sed
1156 3127 1193 3186 ut
1211 3123 1271 3187 olii
1289 3123 1505 3188 ‹lemonstrant
1523 3124 1740 3188 secundumn

678 3229 824 3294 arborem
846 3230 1005 3312 quandam
1022 3229 1219 3295 defoderunt.
1244 3230 1299 3312 qui
1321 3237 1428 3296 autem
1451 3229 1696 3307 obdormierant,

679 3337 853 3420 experrecti
876 3358 947 3401 cum
965 3358 998 3401 sc
1021 3358 1182 3420 nunquam
1206 3337 1318 3401 melius
1341 3339 1500 3420 quiescere
1519 3336 1696 3402 faterentur

678 3442 1052 3526 acrcquirerentlcamm
1062 3448 1099 3507 ut
1107 3464 1166 3526 pro
1175 3440 1328 3508 beneficio
1337 3449 1589 3521 munerarentur,
1598 3445 1696 3509 iuter-

678 3549 813 3614 fectorcs
836 3550 904 3615 eius
927 3549 1024 3615 animi
1047 3549 1239 3615 conscicntia
1261 3550 1397 3633 permoti
1420 3549 1527 3615 statim
1546 3572 1580 3616 se
1602 3549 1697 3636 fugae

679 3657 907 3721 mandaverunt
922 3662 954 3721 et
967 3656 1000 3719 in
1015 3655 1149 3721 insulam
1163 3655 1297 3721 Ceorum
1311 3663 1534 3741 pervenerunt;
1549 3658 1697 3742 aquibus
1706 3668 1741 3722 30

680 3921 866 3979 Taamuomn.
917 3921 1105 3994 amaraco
1136 3919 1246 3979 ridetur
1274 3920 1387 3980 Seruios
1417 3920 1547 3998 GeoraI
1570 3926 1605 3981 33
1628 3932 1665 3995 (p.
1690 3925 1742 3982 178

717 4013 791 4068 Lien
809 4015 840 4066 in
860 4013 965 4078 adnot)
984 4014 1025 4067 67.
1046 4014 1072 4067 Il
1092 4015 1152 4068 389.
1189 4013 1223 4079 cf.
1243 4029 1332 4083 supro
1352 4012 1548 4083 Gatoloporum
1565 4013 1665 4085 srapm.
1685 4016 1707 4070 1.

716 4119 728 4157 a
748 4103 879 4156 lucianam
897 4101 1013 4171 οἱοηοοί,
1050 4117 1064 4158 s
1083 4116 1135 4170 quo
1154 4100 1181 4157 ci
1200 4101 1247 4171 qui
1265 4101 1396 4157 Modica:
1415 4119 1467 4171 qno
1487 4109 1515 4158 et
1534 4103 1583 4172 qni
1599 4103 1671 4158 labri.

239 4213 262 4251 ιι
283 4195 398 4250 icarum.
418 4193 460 4249 ito
484 4196 642 4249 cosutonter
661 4190 737 4259 labri]
758 4192 816 4246 nisi
833 4191 909 4259 qood
927 4190 955 4245 R
972 4191 1052 4245 senat
1068 4207 1095 4246 aa
1114 4191 1184 4246 Icar.
1203 4208 1248 4246 nm
1267 4192 1385 4259 octobon
1409 4192 1482 4246 dixit
1501 4191 1534 4245 dc
1550 4192 1605 4245 boc
1623 4193 1743 4248 comicia

202 4286 294 4351 sorum
314 4303 332 4337 α
346 4285 436 4353 poetis
453 4283 567 4337 Latiaris
584 4299 643 4335 non
660 4297 728 4334 roro
747 4280 873 4334 adbibita
892 4279 1026 4334 &acmen
1045 4279 1350 4349 cdepin.sab.130.
1405 4298 1431 4337 ra
1449 4282 1546 4335 vinum
1564 4311 1596 4320 —-
1617 4297 1643 4337 ιο
1661 4298 1742 4350 opor·

205 4379 284 4427 teret:
305 4367 356 4441 τὴν
375 4369 533 4427 οἰνοποιίαν
551 4370 747 4439 Apollodorus.
784 4386 811 4424 u
830 4384 863 4424 ea
886 4367 912 4421 V
927 4384 959 4423 co
978 4369 1067 4437 nubo.
1140 4386 1166 4425 ιο
1184 4368 1290 4423 Inducti
1309 4369 1385 4437 qaod
1402 4370 1433 4423 in
1451 4369 1527 4423 libris
1541 4375 1606 4437 post
1624 4369 1743 4440 panonia

144 4498 151 4509 .
204 4462 302 4531 lepitwr
324 4461 378 4515 buc
399 4460 538 4515 revocarit
560 4458 788 4513 Wilamowitzins
809 4474 835 4512 ao
854 4456 903 4512 alii
927 4456 993 4511 add.
1016 4456 1244 4512 Wlamowitzius
1266 4474 1292 4513 aa
1310 4457 1480 4513 semlmortui
1502 4458 1744 4515 Walamoroitcioa:

204 4550 380 4604 semimortua
398 4550 467 4603 labri.
540 4565 567 4606 as
586 4548 614 4602 iu
632 4555 745 4618 putenm
766 4556 817 4601 etc.
834 4552 948 4615 practer
967 4546 1175 4602 Catcsteriamos
1197 4547 1255 4601 alio
1278 4547 1438 4616 compendio
1456 4547 1635 4617 mytholopico
1653 4549 1745 4603 ulitur

204 4638 346 4708 Hypinus,
370 4653 404 4691 ea
426 4655 480 4706 quo
504 4638 596 4691 ethic
619 4642 644 4690 et
660 4636 763 4706 paullo
782 4641 847 4704 post
869 4635 984 4702 fabulae
1006 4635 1209 4704 drecrepcntias
1232 4634 1407 4700 adnotatos.
1432 4636 1524 4690 XXIV
1543 4635 1630 4706 Lyra.
1668 4637 1743 4693 dele-

205 4734 312 4783 cerunt:
332 4726 509 4797 proiecerunt
527 4725 561 4794 a,
582 4725 656 4793 quod
671 4726 764 4794 placet
780 4725 935 4780 Bursmco.
955 4726 1104 4780 secundum
1123 4726 1248 4781 arborem
1268 4725 1418 4795 quandam:
1437 4724 1488 4779 snb
1508 4725 1626 4794 quadam
1645 4726 1743 4782 arbore

205 4815 240 4884 a,
260 4816 335 4885 quod
349 4815 476 4885 praefert
493 4815 663 4871 Bromiaeus.
762 4831 787 4870 aa
805 4820 1016 4869 moderarentur
1034 4813 1203 4882 Sebeffems:
1221 4821 1412 4870 muneraretur
1430 4813 1518 4884 culpo.
1569 4831 1602 4871 ss.
1614 4832 1640 4872 ao
1658 4814 1743 4870 inter·

204 4903 323 4961 lectores
343 4905 401 4961 eius
421 4911 486 4960 etc:
506 4898 697 4975 καταγνόντες
716 4898 825 4959 ἑαυτῶν
844 4900 884 4967 εἰς
902 4898 995 4975 φυγὴν
1015 4897 1179 4974 ἐτράπησαν
1196 4903 1277 4958 acbol.
1297 4901 1333 4957 Π.
1395 4920 1422 4961 οο
1441 4904 1555 4959 Ceorum
1574 4902 1743 4960 Salmasius:

206 5009 298 5051 eorum
321 4994 348 5050 V
362 4993 483 5050 colorum
500 4992 530 5048 D
550 4994 683 5049 stolorum
701 4993 759 5048 alil.
