3894 5708
555 546 601 598 Vl.
1071 558 1095 609 p.
1116 542 1158 603 66,
1177 542 1201 594 h.

414 651 603 736 llrrpticoc·
635 645 792 738 Ἠριγόνῃ,
890 654 963 714 sarit
1009 652 1065 731 qssi
1112 649 1206 713 alita·
1250 649 1425 711 circumretit.
1523 648 1598 707 suet
1633 642 1689 724 qui
1724 641 1908 722 Erigonem

370 752 439 847 iisse
494 759 677 843 superpictae
732 767 792 824 cei
846 758 1009 839 Eripoucu
1058 755 1276 848 Atheniensem
1326 753 1427 817 lcurii
1481 752 1569 815 Icari
1599 751 1702 831 filices*
1732 748 1907 812 Alliariae-

369 858 497 951 πατρὸς
514 858 634 952 ἑαυτὴν
653 859 791 930 ἀνεῖλεν.
846 865 950 947 filium
980 862 1262 944 titisse...ibipuc
1291 863 1351 925 sibi
1378 860 1426 924 la-
1480 857 1908 934 scutdiescat....¹ipsa‘uero

848 995 925 1055 preco
949 977 1076 1035 retortae
1099 971 1241 1033 rerlsciuit.
1481 988 1512 1031 sc
1534 965 1696 1045 suspendi.¹
1719 982 1842 1045 saprico.

556 1097 603 1150 xl.
1072 1113 1097 1162 p.
1117 1097 1160 1157 ss,
1179 1096 1203 1146 6.

411 1180 598 1272 ‘repo-ptoc-
617 1176 717 1263 οὗτος
730 1183 793 1250 πά·
891 1184 1058 1248 Aristaeus
1073 1184 1190 1247 dicitur
1207 1182 1348 1246 orrrrtibes
1367 1202 1429 1243 ure
1527 1181 1654 1244 (rurittit.

373 1312 432 1371 σας
472 1294 588 1377 τέχνας
629 1287 696 1376 ipim
740 1296 796 1358 καὶ
850 1293 900 1355 dis
936 1291 1120 1373 artibusque
1161 1290 1282 1370 rediistis
1322 1289 1428 1368 titisse,

373 1395 795 1486 deripuiaouce'didugre.³⁸)
850 1399 963 1479 paribus
995 1400 1118 1462 artibus
1150 1404 1264 1461 cctems
1294 1396 1431 1458 lroruiacs

850 1507 893 1568 ad
926 1507 1024 1568 bertus
1058 1505 1166 1587 [repes
1202 1502 1432 1586 utilitatemque

844 1613 1045 1694 perducebat.

374 1814 436 1877 iam
463 1835 532 1876 cum
559 1811 744 1875 Dositheum
772 1816 892 1893 septem
919 1810 1078 1892 signorum
1105 1809 1342 1892 explicationem
1371 1829 1408 1871 ex
1432 1807 1560 1890 Nigidio
1584 1806 1749 1890 sumpsisse
1777 1812 1912 1880 certum,

375 1927 518 1985 octavum
537 1918 675 1982 indidem
696 1918 812 1982 habere
830 1917 940 1981 adtem
959 1916 1121 1999 probabile
1140 1918 1190 1989 sit,
1213 1918 1309 1979 trium
1333 1915 1523 1997 reliquorum
1542 1913 1778 1997 explicationem
1798 1913 1912 1977 eodem

374 2026 491 2090 referre
520 2046 581 2088 nou
610 2024 833 2088 dubitabimus.
879 2024 957 2088 haec
980 2025 1077 2106 igitur
1099 2030 1173 2088 sunt
1200 2043 1281 2105 quae
1308 2044 1346 2085 cx
1373 2023 1501 2104 Nigidio
1528 2023 1560 2086 in
1588 2020 1705 2085 scholia
1728 2020 1912 2084 Germanici

375 2140 501 2216 recepta
524 2138 598 2197 sunt
621 2131 764 2195 frustula.
1632 2136 1637 2143 “

463 2240 549 2303 Duos
576 2237 679 2302 aclhue
710 2238 907 2322 atter-orae)
935 2237 976 2301 ab
1004 2238 1175 2320 interprete
1202 2237 1380 2300 (icrrnaniei
1408 2235 1568 2300 adhibitos
1595 2256 1662 2299 esse
1689 2234 1914 2310 intelleximus

375 2345 628 2420 Eratosthenem,
656 2346 720 2409 sive
748 2346 899 2427 genuinus
923 2351 971 2408 est
998 2333 1068 2408 sive
1091 2352 1287 2426 personatus,
1311 2348 1343 2406 et
1375 2343 1532 2425 Nigidium
1561 2342 1713 2424 Figulum.
1758 2341 1821 2404 iam
1845 2361 1914 2404 uua

376 2459 500 2516 tanturn
523 2451 650 2515 rrurioris
668 2450 805 2514 ambitus
829 2450 937 2515 tabula
955 2457 1054 2515 restat
1073 2452 1194 2514 assertori
1218 2472 1273 2515 suo
1296 2451 1432 2515 ruendum
1455 2450 1589 2521 tributa
1613 2470 1692 2532 quae
1714 2455 1913 2512 tamencum

375 2562 416 2625 ad
444 2558 607 2623 duodecim
635 2561 725 2639 signa
751 2579 813 2622 uon
835 2559 1006 2639 pertineat,
1034 2560 1088 2623 scd
1116 2559 1156 2621 de
1178 2556 1326 2621 Cruricula
1353 2562 1435 2639 agat,
1462 2558 1502 2621 ad
1529 2557 1688 2639 Nigidium
1715 2554 1825 2619 referri
1854 2575 1914 2618 rre-

377 2674 478 2751 queat.
529 2670 616 2730 extat
644 2685 681 2728 ea
707 2687 736 2747 p.
769 2665 821 2738 94,
847 2665 886 2727 16
911 2703 952 2712 -
976 2665 1028 2741 95,
1055 2665 1107 2739 173
1139 2665 1223 2728 redit
1250 2671 1368 2739 autern,
1397 2671 1432 2727 ut
1458 2665 1576 2726 diserto
1604 2662 1791 2726 scholiorum
1818 2661 1915 2725 testi-

376 2774 480 2839 monio
498 2777 629 2847 constat,
651 2771 693 2835 ad
711 2771 882 2852 Arupbiaru
906 2771 966 2855 (sic
988 2793 1100 2835 nomen
1123 2771 1154 2834 in
1179 2770 1268 2834 libris
1287 2771 1387 2845 extat)
1407 2771 1644 2853 trupocdiurera
1660 2768 1914 2852 scriptoram)

376 2903 468 2963 quem
500 2880 620 2944 nullum
651 2878 748 2942 alium
779 2900 859 2954 esse,
892 2900 986 2962 qrrrsm
1017 2877 1166 2960 Amphim
1194 2877 1344 2941 conricum
1373 2877 1452 2941 vidit
1480 2875 1654 2939 bleinekius
1683 2876 1706 2939 F
1708 2895 1803 2957 ragin.
1832 2896 1915 2939 eom.

377 3009 477 3069 graec.
503 2986 515 3048 l
543 3008 572 3068 p.
595 2985 673 3050 404.
718 2985 807 3069 atqui
839 3006 876 3048 ex
905 2986 1014 3049 eodem
1042 2984 1197 3068 Amphide
1229 2986 1261 3048 in
1294 2991 1379 3048 certo
1407 2982 1701 3048 Catasterismorum
1733 2982 1916 3063 fragmento

378 3093 524 3159 Callistus
552 3092 658 3156 l'abula
684 3097 861 3165 enarratum
893 3092 929 3156 cl.
958 3113 1052 3174 snpra
1080 3115 1108 3173 p.
1142 3093 1188 3154 12.
1234 3091 1340 3174 itaquo
1368 3091 1445 3155 baec
1472 3112 1595 3175 quoqne
1621 3089 1761 3154 narratio
1789 3109 1917 3154 summa

377 3223 447 3265 cum
471 3199 696 3283 probabilitate
719 3200 760 3263 ad
783 3198 1022 3263 Catasterisrnos
1045 3199 1187 3264 refertur.

470 3431 501 3492 ¹³⁵)
521 3428 574 3482 Vix
594 3430 735 3497 est,·quod
755 3445 879 3482 moneam
897 3432 967 3483 haec
987 3429 1071 3483 verba
1090 3446 1178 3497 neqrm
1198 3429 1226 3482 in
1245 3429 1441 3482 Deucalionem
1459 3445 1549 3497 neque
1569 3428 1597 3481 iu
1611 3428 1797 3497 Ganymedem
1817 3458 1850 3466 —
1872 3428 1918 3482 ita

379 3516 452 3569 euim
471 3533 488 3569 a
506 3516 645 3570 norunrllis
664 3517 800 3584 Aquarius
819 3517 1012 3586 explicabatur
1030 3547 1062 3556 --
1082 3519 1130 3570 sed
1151 3518 1177 3570 in
1198 3502 1280 3571 riuum
1299 3517 1454 3571 Aristaeum
1474 3519 1617 3586 quadrare.

467 3606 499 3668 ³⁹)
519 3605 711 3659 Doctissimum
731 3606 813 3672 illud,
833 3608 904 3674 quod
923 3607 958 3660 ad
979 3625 1001 3659 v.
1023 3610 1037 3660 1
1057 3606 1226 3675 adscriptum
1245 3614 1299 3672 ost,
1319 3607 1465 3672 scholium,
1490 3624 1543 3675 quo
1563 3623 1611 3659 cur
1629 3623 1646 3659 a
1664 3607 1727 3660 lore
1746 3608 1849 3660 Aratus
1869 3606 1916 3660 in-

378 3694 465 3763 cipiat
489 3694 646 3762 exponitur,
676 3711 710 3748 ex
734 3695 813 3748 Arati
842 3695 1037 3749 commentario
1061 3704 1220 3764 excerptum
1244 3712 1303 3749 esse
1327 3702 1355 3748 et
1379 3712 1429 3763 per
1451 3712 1480 3749 se
1504 3702 1581 3764 patet
1605 3702 1634 3748 ct
1658 3695 1773 3749 conlatis
1797 3696 1917 3750 scholiis

378 3783 490 3837 Arateis
510 3783 693 3836 confirmatur.
713 3801 745 3837 ac
765 3783 881 3838 sortasse
900 3787 951 3838 hoc
970 3784 1104 3838 scholium
1123 3785 1177 3838 iam
1196 3785 1350 3852 aritiquitus
1369 3785 1464 3838 eodem
1484 3783 1628 3847 volrrmino,
1648 3801 1701 3852 qrro
1719 3784 1918 3839 Eratosthenis

379 3871 574 3935 Catasterismi‚
595 3888 661 3939 (pros
681 3871 754 3940 ipsos
768 3872 850 3926 Arati
868 3873 1056 3927 commentarii
1076 3873 1163 3926 instar
1181 3890 1240 3927 esse
1260 3891 1320 3928 mox
1341 3873 1540 3941 intellegemus,
1559 3872 1758 3927 continebatur.
1778 3880 1840 3925 ator
1859 3874 1918 3928 hac

379 3960 524 4014 occasione
548 3968 578 4013 ut
602 3961 706 4014 scholio
731 3961 772 4014 illi
796 3961 891 4015 vitium
915 3960 1030 4016 demam.
1055 3980 1080 4031 p.
1101 3965 1142 4027 56,
1163 3964 1178 4014 l
1199 3963 1313 4031 legimus
1338 3979 1399 4015 cum
1423 3963 1489 4015 dicit
1511 3961 1670 4015 Herodotus
1692 3961 1790 4015 locem·
1807 3960 1919 4015 dictam

378 4064 433 4102 esse
452 4065 520 4101 aere
538 4055 563 4101 et
582 4049 676 4102 Cretes
694 4049 814 4103 desdam
833 4066 887 4104 esse
906 4052 1045 4119 apertionis
1063 4082 1096 4089 -
1116 4050 1302 4104 Philemonem
1316 4053 1448 4104 comicum
1466 4051 1540 4104 dicit.
1570 4050 1702 4104 Herodoti
1716 4051 1801 4103 verba
1815 4050 1835 4114 l,
1853 4053 1918 4119 131,

379 4154 450 4206 quae
464 4137 622 4206 Breysigius
641 4138 669 4191 in
688 4139 863 4193 adnotatione
883 4140 1037 4208 exscripsit,
1058 4156 1118 4192 cum
1138 4140 1173 4193 ad
1191 4141 1335 4194 Persarum
1350 4140 1505 4209 opinionem
1521 4147 1654 4208 spectent,
1674 4141 1727 4192 huc
1745 4137 1918 4196 nonfacere

378 4243 597 4294 uirumquemque
614 4227 697 4281 facile
716 4244 905 4296 concessurum
924 4245 983 4282 esse
998 4235 1071 4297 puto.
1095 4228 1188 4297 itaque
1204 4229 1278 4283 aliud
1293 4245 1393 4283 nomen
1407 4230 1483 4283 latet.
1508 4229 1547 4282 nil
1562 4229 1638 4282 iuvat
1648 4227 1798 4294 Suriugarii
1809 4227 1914 4282 Hesio·

379 4316 446 4380 circs·
460 4331 510 4368 uec
524 4315 707 4384 Kiesslingius
720 4317 879 4370 Zeaodctus
892 4317 1091 4371 restituendum
1106 4333 1166 4370 esse
1181 4317 1247 4370 mihi
1262 4318 1406 4387 persuasit.
1434 4317 1469 4371 de
1482 4317 1568 4371 stoico
1582 4332 1733 4370 sermonem
1748 4332 1808 4369 esse
1824 4324 1854 4369 et
1868 4334 1918 4372 res

379 4404 440 4472 ipsa
459 4410 488 4456 et
505 4405 589 4458 schol.
609 4406 686 4458 Arat.
706 4422 729 4458 v.
749 4407 766 4459 2
785 4406 891 4459 doc'ent.
911 4408 958 4459 καὶ
977 4400 1032 4476 γὰρ
1051 4401 1100 4459 τὸν
1119 4401 1190 4474 elipe
1210 4407 1261 4460 lle
1280 4404 1419 4476 λέγουσιν.
1447 4397 1529 4470 οὗτός
1544 4403 1602 4460 ἐστι
1618 4401 1663 4458 διὰ
1678 4400 1792 4459 πάντων
1806 4399 1920 4472 διήκων

379 4487 453 4545 κατὰ
471 4488 536 4555 τοὺς
554 4489 707 4558 Στωικούς.
737 4494 790 4548 iam
814 4495 842 4547 iu
867 4494 1048 4563 interpretum
1072 4494 1153 4548 Arati
1176 4496 1313 4564 catalogo,
1339 4513 1419 4564 quem
1442 4512 1477 4549 ex
1501 4495 1595 4549 codice
1619 4494 1753 4549 Vaticano
1773 4492 1918 4549 Victorius

379 4581 466 4633 edidit
485 4581 566 4634 simul
586 4599 646 4636 cum
665 4582 824 4652 Hipparcho
839 4583 960 4637 Floreat.
981 4585 1057 4648 leet,
1077 4582 1241 4637 Heliodorus
1260 4584 1361 4638 stoicus
1377 4592 1610 4638 commemoratur.
1640 4600 1674 4637 ex
1690 4583 1729 4637 eis
1744 4590 1845 4645 autem,
1866 4583 1917 4650 qui

380 4669 438 4723 illie
457 4678 659 4735 enumerantur,
679 4671 838 4740 paucissimi
856 4688 886 4726 re
901 4689 966 4726 vera
983 4675 1099 4726 Aratum
1114 4673 1291 4727 commentati
1309 4679 1384 4739 sunt3
1404 4679 1446 4727 est
1464 4672 1554 4742 potius
1574 4673 1715 4741 catalogus
1733 4688 1827 4725 eorum
1845 4671 1917 4725 scri-

379 4765 501 4826 ptorum,
525 4775 637 4826 quorum
661 4760 771 4815 nomina
793 4760 822 4813 in
841 4760 953 4815 scholiis
971 4760 1082 4815 Arateis
1102 4767 1354 4816 commemorantur.
1385 4761 1440 4816 iam
1459 4761 1622 4815 intellexisti
1642 4778 1685 4816 me
1704 4778 1753 4833 pro
1773 4760 1916 4816 Herodoto

380 4845 521 4903 Ileliodori
540 4864 639 4902 nomen
658 4849 804 4904 restituere
824 4850 903 4903 velle.

467 4935 500 4995 ⁴⁰)
519 4936 609 4992 Simili
628 4953 720 4992 errore
739 4957 765 5007 p.
784 4939 827 5004 84,
846 4941 880 4993 tr
901 4938 1027 4994 Cratinus
1047 4937 1249 5008 tragoediarum
1268 4938 1386 5010 scriptor
1404 4942 1523 4995 iocatur.
