3894 5708
288 340 389 393 Sciron.
409 339 500 393 Genu.
521 340 552 393 G.
574 357 606 409 p..
620 342 679 401 160.
700 344 739 395 15.
1184 342 1314 395 llwltws
1334 343 1367 405 ll,
1389 346 1427 395 15·
1614 345 1676 407 Ῑὸῑ)

225 517 365 583 leeulum
379 524 485 583 autem
500 525 557 595 est,
575 539 637 601 quo
652 520 762 584 dieunt
775 544 881 586 omnes
980 518 1026 583 Ut
1052 519 1278 585 Eratosthenes
1309 529 1415 586 autem
1443 522 1482 586 de
1509 521 1634 605 Sagitta
1703 520 1811 573 XXIX

180 646 296 708 cygnos
318 624 359 689 ab
380 626 524 709 Apolline
542 626 724 692 interlectos
742 650 778 692 eo
797 630 881 712 quod
935 632 1139 705 domonstrat,
1157 630 1217 693 lino
1236 628 1348 711 Apelle
1364 628 1515 711 Cyelopos
1536 630 1632 693 inter·
1698 610 1816 678 sepnor.

181 733 265 797 loris
288 732 406 799 fulmen
429 734 530 817 lirgnti
554 734 714 811 fecissent,
742 737 825 818 quod
850 744 881 800 et
935 735 1632 820 feeit,quifulmenlorilecernnt,qquesoo-

181 840 401 907 absconditum
433 844 539 907 lerunt
570 842 611 906 od
643 843 821 925 aquilonem
848 852 880 907 et
935 845 1051 928 lepium
1071 843 1270 909 interfectum
1285 844 1459 926 complures
1474 843 1629 908 dixerunt.

155 956 312 1031 {sperante
325 970 362 1012 ao
376 950 480 1032 potius
494 950 605 1013 sedata
614 949 670 1013 lite
679 951 880 1032 adsumptum
934 955 1016 1018 lnmo
1047 958 1152 1016 nutem
1184 950 1330 1033 sagittam
1365 952 1397 1014 in
1429 950 1633 1034 llyporboreo
1661 961 1678 1011 e

182 1061 216 1119 et
237 1055 279 1119 ad
302 1055 398 1137 peiles
421 1057 579 1139 sagittarii
601 1056 684 1121 inter
703 1062 788 1121 estro
807 1080 880 1120 oon-
934 1068 1039 1123 nnmte
1054 1058 1230 1143 Apollinem
1245 1058 1410 1122 delenisse.
1442 1081 1513 1121 oum
1527 1064 1633 1121 nutem

184 1164 328 1229 locatum.
936 1169 1056 1250 Iupiter
1079 1166 1234 1250 ignoverit
1257 1164 1339 1240 filio,
1362 1165 1462 1248 ipsam
1485 1165 1633 1247 sagittam

935 1282 1027 1340 vento
1046 1276 1087 1339 ad
1110 1273 1285 1358 Apollinem
1305 1272 1460 1356 perlatum
1479 1294 1549 1336 oum
1568 1271 1634 1334 sru-

934 1382 1039 1464 gilms,
1070 1404 1151 1463 (luae
1183 1404 1220 1447 oo
1248 1389 1389 1463 tempore
1417 1378 1633 1443 nascebantur.

934 1490 1017 1553 liano
1037 1489 1132 1571 igitur
1150 1488 1191 1552 ob
1211 1509 1335 1553 oausam
1350 1488 1433 1550 inter
1447 1486 1551 1550 sidero
1565 1506 1634 1550 eam
1645 1494 1679 1546 10

934 1602 1118 1661 monstrant.

1250 2129 1299 2193 m,
1321 2129 1361 2182 ιι.
1398 2116 1403 2124 ”

232 2237 336 2302 llobot
358 2243 464 2301 autern
487 2236 593 2301 stelles
613 2233 685 2310 llll,
709 2235 740 2297 in
764 2254 883 2297 summo
983 2238 1087 2302 Habet
1123 2243 1229 2301 autom
1266 2237 1391 2299 omnino
1423 2234 1531 2300 stollas
1563 2232 1636 2309 1111,

187 2345 213 2424 l,
236 2348 267 2409 in
290 2346 393 2411 medio
416 2344 581 2411 obscuram
604 2345 628 2421 l,
655 2347 687 2410 in
711 2347 821 2428 pemris
844 2345 883 2409 ll.
938 2368 1070 2430 spirarum
1085 2366 1148 2409 una
1156 2345 1188 2407 in
1199 2343 1353 2426 principio
1362 2344 1522 2417 materiae,
1535 2342 1638 2405 altero

188 2474 253 2516 nno
273 2452 468 2535 splendidior
491 2452 599 2516 altero.
939 2455 971 2517 in
991 2453 1102 2529 modio,
1121 2454 1202 2517 (luae
1219 2451 1359 2533 reliqu-oo
1377 2451 1409 2513 in
1429 2473 1466 2516 oo
1480 2449 1557 2525 loco,
1575 2470 1636 2532 quo

938 2560 1055 2625 ferrum
1082 2559 1163 2625 solet
1189 2556 1289 2640 alfigi,
1317 2558 1459 2621 divorsae
1481 2557 1682 2621 videntur.‘20

178 2754 224 2820 Cf.
241 2754 439 2824 stolepomeoo
453 2772 483 2822 p.
502 2759 549 2808 22.
975 2774 1000 2811 ro
1019 2772 1079 2809 eam
1099 2754 1164 2808 odd.
1180 2750 1412 2807 Wilomorritzies.
1485 2770 1509 2807 ιι
1530 2756 1682 2805 monstrant

175 2843 291 2911 sfngati
308 2844 446 2899 fecissent.
472 2846 506 2911 es.
527 2844 723 2913 Prolepomeno
742 2845 885 2898 ordimem
940 2847 979 2899 n.-
997 2846 1185 2899 demonstrant
1203 2842 1294 2897 DGV.
1369 2859 1392 2897 ιι
1412 2849 1504 2894 etitem
1523 2839 1631 2894 omnino
1652 2837 1682 2891 V:

135 2951 234 2991 ιι-ιιι
252 2948 302 2985 oni.
324 2933 357 2986 G.
395 2934 459 2987 (leoli
477 2949 511 2987 ex
530 2933 557 2987 S.
659 2950 682 2987 ιι
703 2934 755 2987 llll
775 2934 886 3001 scripsi:
939 2944 1030 2989 antem
1052 2935 1084 2987 (l.
1122 2932 1230 2987 omnino
1249 2932 1285 2986 Ι).
1323 2948 1415 2985 omnes
1435 2930 1468 2983 R.

133 3032 199 3079 tres
221 3022 251 3077 S.
290 3041 315 3079 ro
332 3023 421 3078 altero
439 3027 471 3093 βε
489 3023 545 3077 alio
565 3023 592 3077 S.
