3894 5708
1676 368 1738 435 251

200 570 225 621 p.
245 553 306 606 233.
345 552 454 605 ,sedere
478 556 602 619 poteram
626 566 667 615 ea,
692 565 763 618 quae
783 548 906 619 Hyginus
926 551 964 615 II,
987 553 999 604 1
1020 554 1055 618 (p.
1075 550 1118 613 31,
1138 552 1154 601 (l
1172 547 1220 600 aad
1239 548 1290 601 olii
1308 548 1406 601 diecret
1426 579 1453 587 -
1480 550 1511 602 12
1531 547 1741 613 deusonatroosel

289 641 323 695 de
343 641 492 695 Callistone
512 646 614 704 narrat,
634 639 730 693 eadem
750 655 818 702 esse,
839 655 909 709 quae
928 638 1111 709 Apollodorus
1130 637 1236 707 profert
1255 638 1295 691 lll
1314 640 1339 702 8,
1358 639 1383 692 2.
1402 639 1419 692 3
1439 643 1467 691 et
1485 638 1510 691 4.

202 748 227 800 p.
246 731 307 786 242.
345 730 386 783 De
404 729 527 799 seriptis,
553 744 624 798 quae
642 728 815 799 Epimenidis
837 727 946 783 nomine
966 728 1239 793 circumferebantur,
1258 726 1382 782 Hillerus
1407 743 1496 796 nuper
1514 727 1594 781 docte
1614 731 1642 780 et
1660 742 1741 781 accu-

289 826 350 874 rate
369 819 426 888 egit
445 819 473 873 in
492 820 588 874 Museo
607 820 740 874 Rhenano
760 818 829 873 1878
848 835 874 888 p.
893 819 959 885 5253
978 817 1028 872 ille
1046 833 1154 887 quoque
1173 817 1385 871 Eratosthenem
1405 823 1433 870 ot
1447 816 1595 871 Diodorum
1614 817 1650 869 ad
1668 815 1740 870 idem

290 926 358 977 opus
380 908 520 978 respicere
543 908 653 975 statuit,
678 908 749 977 quod
772 915 863 963 utrum
886 907 1004 978 epistola
1027 908 1062 962 ad
1086 908 1211 962 Solonem
1231 908 1296 960 data
1315 922 1351 960 an
1369 905 1441 960 alius
1460 905 1531 960 liber
1549 905 1586 959 sit
1605 905 1632 958 iu
1652 905 1742 960 medio

290 997 434 1067 relinquit:
454 999 488 1053 de
508 997 676 1053 carminibus
695 1005 796 1064 umen,
820 1014 934 1066 quorum
953 997 1028 1052 tituli
1047 997 1120 1066 apud
1139 995 1289 1065 Diogenem
1310 995 1451 1050 Laertium
1470 994 1606 1063 leguntur,
1626 993 1742 1062 cogitari

290 1095 378 1154 vetat,
406 1105 467 1142 cum
491 1087 540 1142 ille
563 1103 676 1157 opernm
699 1087 942 1156 Epimenideerum
965 1086 1106 1155 catalogus
1130 1102 1164 1140 cx
1184 1087 1294 1140 Lobone
1314 1085 1416 1154 Argivo
1435 1083 1671 1153 impudentissimo
1690 1081 1742 1137 ial-

292 1177 363 1232 sario
382 1176 502 1232 fluxerit.
522 1177 630 1246 etipse
649 1177 773 1231 Hillerus
792 1175 932 1243 concedit,
951 1175 979 1231 in
998 1175 1163 1245 Epimenide
1182 1191 1240 1231 rem
1265 1190 1295 1228 se
1314 1174 1407 1244 paullo
1427 1174 1509 1228 aliter
1528 1172 1639 1237 habere,
1659 1178 1743 1240 atquc

291 1268 319 1322 in
339 1266 447 1333 ceteris,
467 1266 566 1337 quibus
584 1267 679 1321 Lobon
702 1283 751 1320 suo
769 1267 860 1321 Marte
884 1264 1006 1321 carmina
1026 1264 1141 1334 largitus
1160 1264 1205 1329 eit,
1224 1264 1405 1333 sapientibus,
1424 1280 1485 1317 cum
1504 1262 1676 1331 Epimenidis
1695 1277 1742 1315 uo-

291 1357 364 1412 mine
382 1373 413 1411 re
427 1372 493 1410 vera
507 1372 568 1410 eum
588 1354 711 1410 carmina
725 1362 781 1410 tum
798 1356 938 1424 pedestria
952 1354 1056 1423 scripta
1071 1353 1229 1421 extiterint;
1249 1353 1344 1422 itaque
1355 1352 1382 1407 in
1398 1353 1523 1420 catalogo
1538 1351 1586 1406 illo
1601 1366 1667 1405 vcra
1682 1368 1742 1405 cum

291 1446 370 1501 falsis
384 1446 471 1500 mixta
486 1461 555 1499 esse.
579 1452 663 1514 atque
679 1441 836 1515 Κουρήτων
850 1447 898 1499 καὶ
914 1438 1107 1515 Κορυβάντων
1120 1441 1234 1514 γένεσιν
1247 1445 1296 1497 καὶ
1311 1441 1464 1513 θεογονίαν
1473 1458 1553 1511 posse
1568 1441 1694 1495 extitisse
1708 1457 1745 1494 ne·

291 1536 415 1590 Hillerus
434 1535 544 1604 quidem
564 1550 666 1603 negare
684 1551 766 1589 ansius
786 1540 835 1599 est,
855 1552 879 1587 v.
899 1552 925 1603 p.
944 1536 997 1590 528
1016 1550 1112 1600 „weun
1130 1533 1180 1588 ‹ler
1198 1532 1254 1587 alte
1274 1533 1382 1597 Kreter,
1402 1532 1456 1586 den
1475 1547 1538 1585 men
1557 1529 1743 1600 gelegentlich

292 1625 379 1680 selbst
402 1625 443 1679 als
467 1625 548 1679 einen
567 1625 691 1679 Kureten
713 1624 907 1690 bezeichuete,
935 1623 1130 1679 insbesondere
1150 1623 1219 1677 noch
1240 1639 1290 1676 von
1310 1623 1371 1675 dem
1391 1620 1534 1689 Urspruug
1553 1621 1602 1673 der
1621 1620 1743 1673 Kureten

292 1716 346 1769 und
370 1714 547 1785 Korybanten
571 1713 721 1783 gehandelt
744 1714 835 1768 haben
853 1712 917 1777 soll,
945 1729 975 1767 so
998 1728 1061 1782 mag
1084 1728 1114 1766 es
1133 1712 1227 1780 Jedom
1247 1711 1407 1765 uberlassen
1426 1708 1549 1774 bleibou,
1578 1710 1612 1763 ob
1636 1725 1666 1763 er
1685 1708 1744 1763 sich

292 1803 381 1858 lieber
404 1803 484 1858 einen
507 1802 641 1858 Falscher
660 1803 807 1857 vorstellcn
826 1800 892 1867 will,
911 1803 962 1856 der
979 1800 1038 1856 sich
1058 1801 1103 1855 die
1122 1802 1207 1855 Mhhe
1226 1800 1318 1865 nahm‚
1337 1798 1381 1854 eiu
1401 1797 1555 1868 derartiges
1574 1797 1693 1852 Gedieht
1711 1815 1745 1851 zu

293 1892 456 1958 sabricireu,
484 1893 551 1947 oder
570 1892 652 1948 einen
670 1893 796 1956 solcheu‚
824 1893 874 1946 cler
896 1891 942 1945 die
966 1892 1030 1946 sehr
1053 1891 1124 1945 nahe
1148 1889 1276 1959 liegende
1299 1890 1484 1958 Behauptung
1508 1887 1618 1943 ciniaeh
1642 1887 1744 1954 erlog.“

293 1983 373 2048 mihi,
396 1990 540 2054 postquam
560 1981 661 2036 Hilleri
685 1982 810 2036 acumine
833 1980 965 2050 Diogenis
989 1979 1093 2035 Laertii
1117 1979 1267 2034 auctoritas
1291 1981 1342 2033 hac
1366 1978 1395 2035 iu
1419 1977 1580 2046 quaestione
1600 1975 1745 2030 labefacta

293 2081 347 2137 est,
367 2079 425 2127 tota
444 2089 488 2126 res
511 2072 552 2126 ita
570 2088 630 2126 sese
650 2071 753 2125 habere
773 2071 893 2125 videtur:
914 2070 1043 2125 exstabat
1061 2086 1172 2125 carmen
1190 2067 1362 2137 Epimenidis
1381 2066 1491 2121 nomine
1510 2083 1528 2120 a
1546 2065 1662 2119 falsario
1681 2081 1744 2119 cou-

293 2162 407 2228 icctum,
436 2163 480 2216 eui
505 2156 634 2231 Κρητικὰ
658 2160 819 2230 inscriptum
848 2168 920 2225 erat3
950 2161 1001 2214 hoe
1029 2159 1151 2213 carmine
1174 2157 1217 2212 usi
1239 2163 1302 2212 suut
1325 2156 1523 2211 Eratosthenes
1547 2165 1575 2208 et
1599 2155 1744 2208 Diodorus.

293 2253 364 2320 quod
389 2268 450 2306 curn
473 2267 517 2306 res
541 2251 664 2306 Creticae
686 2250 751 2306 inde
776 2265 793 2304 a
815 2250 926 2304 deorum
950 2256 1011 2303 ortu
1034 2264 1121 2318 usque
1141 2248 1176 2302 ad
1196 2247 1315 2302 Minoem
1335 2252 1479 2300 enarraret
1498 2243 1633 2313 imprimis
1653 2250 1744 2297 autem

293 2343 423 2396 Curetum
451 2340 689 2410 Corybantumque
717 2339 825 2393 fabulas
855 2336 1097 2407 complecteretur,
1125 2336 1230 2392 Loboui
1255 2337 1291 2390 ad
1314 2351 1372 2397 eos,
1402 2351 1469 2404 quos
1496 2334 1569 2403 apud
1594 2333 1744 2401 Diogenem

293 2429 422 2499 legimur,
452 2430 545 2484 titulos
569 2429 711 2499 tingendos
734 2444 828 2483 ansam
852 2426 989 2498 praebuit.
1018 2429 1090 2497 quod
1114 2426 1213 2481 librum
1238 2427 1304 2496 περὶ
1330 2425 1444 2489 Μίνωος
1467 2425 1516 2478 καὶ
1534 2416 1746 2489 Ῥαδαμάνθυος

293 2536 343 2590 pro
362 2520 484 2575 carmine
504 2520 597 2585 habui,
616 2519 727 2590 egregio
747 2518 839 2588 lapsus
858 2534 925 2571 sum.
