3894 5708
288 361 389 416 aenon
408 361 500 417 Grex.
519 362 551 418 G.
570 380 596 432 p.
617 365 677 429 113,
699 364 739 420 17.
836 376 839 380 ’
1189 364 1373 431 Eranusa,
1393 367 1417 420 l.
1628 365 1670 431 53

188 542 374 625 concepisse.
393 563 464 608 cum
478 564 553 627 ergo
568 542 665 609 nollet
683 544 880 630 interrogan-
935 568 1006 611 nom
1033 553 1197 611 venantem
1223 552 1260 609 nt
1286 545 1433 610 adiutans
1462 566 1627 629 perseque-

187 649 273 714 tibus
300 654 372 732 post
397 656 524 733 partum
547 651 650 717 dicere
677 674 697 717 a
722 674 785 735 quo
808 676 880 719 con-
935 661 1031 729 retur,
1058 659 1194 719 amotam
1217 674 1237 717 a
1259 658 1426 736 conspectu
1453 658 1626 718 ceterarum

188 756 334 840 cepisset,
361 757 488 822 tandem
514 778 680 842 perpessae
702 758 881 825 violationis
935 761 1124 844 compressit.
1150 781 1232 843 quae
1250 766 1362 843 rogata
1380 781 1400 824 a
1417 759 1528 836 Diana,
1551 760 1627 843 quid

188 864 321 928 Dianam
354 863 540 948 culpabilem
573 864 662 930 dixit.
698 887 779 950 quae
811 888 881 932 mox
935 868 963 931 ei
990 868 1167 942 accidisset,
1194 867 1277 949 quod
1305 874 1369 930 tarn
1396 867 1507 948 grandi
1537 871 1627 931 utero

160 969 228 1036 oab
250 991 289 1035 ea
311 971 342 1034 iu
365 971 499 1038 bestiam
521 978 742 1037 conversabat
934 974 1105 1052 videretur,
1142 975 1227 1039 illius
1262 977 1390 1056 peceato
1422 974 1455 1037 id
1488 974 1626 1038 evenisse
1653 984 1669 1036 5

934 1080 1023 1145 dixit.
1053 1082 1162 1164 itaque
1189 1081 1222 1146 in
1249 1100 1343 1165 quarn
1369 1078 1502 1165 liparam
1531 1102 1627 1164 supra

934 1186 1070 1253 diximus
1092 1208 1161 1253 eam
1184 1186 1288 1252 Diana
1309 1188 1471 1253 convertit.

977 1294 1064 1371 Quae
1083 1317 1153 1360 cum
1172 1295 1205 1359 in
1223 1294 1301 1360 silva
1318 1301 1355 1359 ut
1373 1294 1440 1361 sera
1458 1302 1625 1379 vagaretur

188 1406 220 1465 et
250 1421 319 1466 cum
351 1420 448 1483 puero
475 1400 611 1484 Lycaoni
645 1402 764 1467 tradita
797 1409 841 1477 et,
860 1426 881 1468 a
932 1425 953 1466 a
975 1401 1162 1485 quibusdam
1181 1400 1364 1467 Aetolorum
1387 1407 1480 1487 capta
1502 1404 1543 1466 ad
1564 1402 1625 1485 Ly·

142 1518 178 1569 10
187 1507 259 1571 love
277 1528 341 1571 una
353 1528 424 1572 cum
441 1505 507 1572 filio
521 1507 605 1573 inter
618 1514 705 1574 astra
718 1509 881 1576 conlocata
932 1530 1060 1574 caenam
1076 1530 1141 1589 pro
1163 1529 1290 1573 manae
1307 1509 1343 1573 ln
1361 1509 1538 1574 Arcadiam
1556 1520 1670 1575 armna

186 1614 313 1679 Arcturi
336 1636 449 1679 nomen
472 1620 601 1699 propter
625 1617 748 1682 ruinam
765 1619 880 1683 sortita
932 1614 997 1679 filio
1016 1620 1064 1680 cst
1087 1617 1229 1680 deducta
1252 1616 1297 1681 ibi
1321 1617 1437 1683 dicitur
1459 1616 1559 1681 inscia
1580 1616 1624 1681 le-

186 1727 241 1786 est
931 1723 980 1806 gis
1002 1723 1035 1786 in
1054 1722 1136 1788 lovis
1155 1722 1269 1808 Lycaei
1292 1723 1442 1807 templum
1465 1747 1499 1790 sc
1522 1725 1624 1789 conic-

932 1830 1022 1905 ciss03
1040 1852 1134 1913 quam
1148 1831 1311 1896 confestim
1329 1829 1412 1894 filius
1426 1836 1474 1895 cst
1492 1835 1579 1897 secut
1616 1882 1623 1895 .

931 1935 1038 2020 itaque
1056 1959 1126 2001 curn
1145 1958 1198 2003 oos
1216 1938 1354 2003 Arcades
1372 1937 1504 2002 insecuti
1526 1938 1624 2002 inter-

931 2042 1023 2107 licere
1046 2049 1247 2121 conarentur,
1269 2045 1390 2128 Iupiter
1412 2066 1530 2109 memor
1552 2052 1624 2128 pcc-
1635 2055 1667 2106 15

931 2149 994 2216 cati
1021 2157 1161 2235 creptam
1189 2150 1318 2217 Callisto
1346 2174 1416 2217 cum
1442 2149 1508 2215 filio
1542 2152 1624 2217 inter

931 2257 1035 2323 sidera
1044 2258 1218 2324 conlocavit
1227 2278 1357 2345 eamque
1367 2259 1506 2336 Arctum,
1519 2258 1623 2340 filiam

931 2369 1036 2431 antem
1053 2365 1289 2448 Arctophylaca
1306 2365 1487 2441 nominavit,
1505 2366 1543 2430 de
1561 2386 1623 2448 qao

926 2473 1087 2553 posterius
1109 2473 1253 2538 diceneus.

177 3592 230 3633 aa
262 3578 494 3647 interrogantibus
527 3586 588 3648 post
620 3586 741 3648 partum:
777 3597 878 3650 praeca
968 3599 977 3635 1
1002 3579 1129 3635 adiutans
1154 3581 1187 3635 G.
1215 3581 1348 3635 adiuvans
1371 3580 1435 3633 DV.
1479 3596 1490 3633 a
1515 3586 1666 3633 ceterorum

140 3666 223 3721 rerba
259 3675 310 3722 ant
339 3684 486 3736 perperam
517 3670 654 3723 intellecta
685 3675 736 3723 (ant
767 3670 878 3725 liberius
932 3669 995 3724 DV.
1015 3686 1031 3724 a
1049 3668 1150 3724 ceteris
1168 3668 1201 3723 G.
1243 3676 1334 3738 apost
1352 3669 1458 3738 itaque:
1478 3674 1590 3737 proptor
1608 3667 1667 3722 eius

138 3755 252 3811 reddita
269 3763 343 3825 eant,
366 3757 422 3811 nabi
438 3757 510 3823 [orte
527 3757 700 3812 enitendum
718 3763 771 3813 eat:
793 3757 878 3812 inter·
930 3776 1088 3830 responsum
1108 3758 1178 3812 lari.
1203 3764 1282 3827 patet
1298 3760 1437 3828 ploaeema.
1465 3772 1561 3826 supra:
1586 3774 1666 3826 supe-

139 3844 249 3913 roganti
267 3846 335 3901 deae
355 3863 440 3917 prope
458 3851 575 3916 partum.
930 3848 988 3905 rius
1002 3848 1035 3903 R.
1064 3867 1076 3904 s
1091 3848 1261 3902 Aetolorum:
1285 3848 1348 3917 apa
1366 3847 1451 3918 ipitar
1464 3841 1519 3901 tut
1534 3843 1668 3900 Αἰτωλῶν

178 3950 202 3989 ιι
234 3934 358 3990 Arcturi:
391 3935 501 3991 debebat
532 3935 623 4001 Arcti,
659 3939 708 3992 cea
739 3937 880 3991 constanti
931 3932 1068 4004 τινῶνόί.
1087 3938 1286 4008 Prolepornena
1301 3954 1330 4005 p.
1350 3942 1374 3991 1.

140 4039 234 4077 errore
255 4024 354 4079 Arctoe
377 4029 509 4080 Aretarcs
536 4027 671 4081 nona'aat.
708 4025 814 4081 ruinam
837 4027 879 4079 ita
967 4045 991 4082 11
1011 4027 1105 4096 ibique
1123 4027 1160 4082 D.
1198 4043 1233 4083 15.
1253 4045 1278 4083 rc
1296 4044 1399 4081 memor
1417 4026 1525 4095 pcccati
1544 4027 1562 4079 ι’.
1582 4042 1603 4079 e.
1623 4020 1667 4077 διὰ

140 4110 233 4166 reddit
255 4107 420 4181 σύμπτωμα.
458 4114 494 4180 cf.
513 4114 599 4169 Arati
619 4117 793 4185 interpretem
815 4115 878 4168 lati·
931 4111 982 4185 τὴν
1000 4113 1175 4186 συγγένειαν.

139 4217 217 4270 nans,
237 4203 317 4257 eatae
334 4204 416 4258 verba
432 4204 482 4258 sab
500 4204 538 4257 Π
554 4203 697 4273 arberipai.
