3894 5708
1696 359 1737 425 29

207 541 374 630 monuill)
427 545 458 607 in
486 543 575 608 Arati
608 542 673 608 vita
704 543 805 607 altera
835 537 1024 625 Φαινόμενα
1056 543 1215 625 scripsisse
1247 543 1375 619 dicitur3
1408 544 1490 627 quod
1523 541 1737 606 testimenium

207 670 394 732 quamquam
418 653 561 715 exomni
585 651 782 715 dubitatione
806 658 982 734 exemptum
1005 672 1067 714 non
1092 657 1151 727 est,
1177 656 1281 716 tamen
1307 651 1416 715 Avieni
1441 672 1532 715 versu
1559 652 1604 714 ita
1626 647 1738 714 confir·

207 762 320 833 matur,
344 765 378 822 ut
401 759 511 823 saltem
535 782 606 824 eum
629 759 765 835 fabulas,
792 780 872 841 quae
894 759 934 823 ad
962 760 1066 823 sidera
1089 760 1285 842 spectabant,
1313 760 1344 822 in
1368 759 1494 841 seriptis
1516 759 1580 821 suis
1604 778 1736 821 comme·

206 885 344 929 morasse
371 868 601 931 concedendum
629 869 683 944 sit,
712 866 771 932 etsi
798 866 865 931 fieri
893 868 1004 949 possit,
1035 873 1071 930 ut
1097 888 1160 931 non
1187 868 1264 930 data
1290 889 1385 950 opera
1412 866 1516 930 sidera
1543 863 1736 948 explicuerit.

206 970 342 1054 denique
369 973 429 1038 hoc
451 973 491 1038 ab
515 974 569 1037 illo
592 977 624 1037 in
648 975 784 1040 earmina
807 973 913 1057 aliquo
937 975 1053 1038 fartum
1069 996 1143 1038 esse
1166 996 1222 1038 cur
1245 975 1363 1040 Avieno
1386 996 1447 1039 non
1471 973 1647 1049 credamus,
1674 992 1735 1037 non

206 1076 305 1142 video.
346 1079 508 1145 addendus
531 1083 627 1165 igitur
650 1088 698 1147 ost
717 1081 875 1146 Sminthes
899 1103 1004 1146 eorum
1030 1103 1167 1158 numero,
1190 1103 1321 1165 quorum
1341 1084 1480 1147 earmina
1498 1082 1530 1145 in
1550 1080 1736 1145 Catasteris-

206 1187 265 1249 mis
289 1194 436 1271 excerpta
458 1196 556 1253 erant.

295 1292 355 1358 Sed
384 1317 478 1359 unam
506 1295 610 1361 adfert
635 1297 769 1360 Avienus
796 1296 1006 1373 historiolam,
1033 1319 1126 1378 quam
1153 1298 1185 1360 in
1209 1297 1440 1361 Catasterismis
1467 1295 1607 1359 extitisse
1634 1292 1736 1358 adhuc

205 1399 393 1480 ignoramus.
439 1408 487 1467 est
513 1424 551 1467 ea
577 1405 616 1467 de
643 1404 794 1480 Eridano,
822 1426 914 1486 quem
937 1404 1136 1469 Phaethonta
1163 1404 1293 1468 fulmine
1320 1405 1416 1468 iotam
1444 1405 1601 1487 excepisse
1627 1406 1735 1464 narrat

205 1529 233 1569 r.
254 1506 436 1572 raa-796.
472 1531 573 1592 neque
596 1512 679 1594 apud
699 1512 854 1595 Hyginum
878 1534 978 1594 neque
1002 1513 1032 1575 in
1053 1512 1178 1577 scholiis
1202 1513 1232 1576 iu
1252 1512 1471 1578 Germanicum
1494 1511 1576 1575 hanc
1597 1509 1733 1573 fabulam

205 1614 357 1689 invenies3
384 1621 418 1680 at
445 1624 533 1683 extat
560 1619 591 1681 in
620 1619 746 1683 scholiis
773 1619 897 1684 Arateis
925 1621 965 1683 ad
993 1643 1019 1682 v.
1044 1619 1107 1682 355
1136 1643 1165 1703 p.
1189 1620 1245 1697 83,
1274 1620 1317 1684 30
1344 1623 1397 1684 καὶ
1426 1612 1488 1703 γὰρ
1517 1611 1735 1702 ἐκεραυνώθη

207 1720 261 1803 (se
285 1715 303 1786 ὃ
327 1714 508 1807 Ἠριδανός)
534 1718 707 1810 μετασχών
734 1735 796 1790 τοῦ
822 1734 989 1810 κεραυνοῦ
1016 1734 1077 1790 τοῦ
1103 1726 1311 1804 Φαέθοντος·
1340 1727 1385 1804 εἰς
1413 1718 1517 1791 αέτόν
1544 1718 1605 1810 γὰρ
1633 1747 1734 1808 κατη-

207 1828 309 1915 νέχθη
335 1822 354 1893 ὃ
382 1831 528 1897 Φαέθων
554 1826 617 1897 ὑπὸ
642 1825 717 1910 Διὸς
740 1835 981 1917 κατατρλεχθεὶς
1005 1826 1058 1898 ded
1082 1826 1120 1897 τὸ
1145 1834 1296 1919 ἐπιβῆναι
1319 1843 1368 1919 τῷ
1391 1843 1452 1898 τοῦ
1470 1827 1580 1898 Ἡλίου
1603 1823 1734 1915 ἅρματι·

205 1935 562 2015 πολυκλαύστουθῆ
591 1940 625 2005 δὲ
655 1936 747 2005 εἶπεν
776 1941 854 2023 (scil.
879 1941 995 2005 Aratus
1018 1965 1045 2006 v.
1069 1941 1148 2020 360)
1172 1933 1224 2006 dn
1249 1940 1281 2005 αἱ
1300 1935 1444 2018 Ἡλιάδες
1467 1931 1557 2025 παρὰ
1580 1951 1652 2014 τοϊς
1674 1943 1736 1999 τοῦ

207 2036 376 2124 Ἠριδανοῦ
413 2039 530 2129 ὄχθαις
566 2041 765 2132 ὀδυρόμεναι
802 2040 863 2111 τὸν
900 2039 1047 2129 ιῖδεληνόν
1080 2047 1125 2124 εἰς
1161 2048 1323 2133 αἰγείρους
1354 2044 1611 2132 μετεβάλλοντο,
1648 2034 1735 2107 ὅπου

208 2142 319 2215 αὐτῶν
347 2155 403 2216 καὶ
430 2146 469 2217 τὸ
498 2150 645 2239 δάκρυον
672 2148 834 2240 ἤλεκτρον·
862 2169 958 2220 ποιεῖ.
1010 2164 1105 2238 atque
1132 2180 1202 2221 cunr
1226 2161 1258 2220 et
1286 2158 1436 2220 livianum
1465 2160 1584 2220 ceteras
1612 2151 1735 2217 fabulas

206 2280 311 2323 omues
340 2281 377 2323 ex
405 2261 634 2325 Catasterismis
666 2263 806 2327 hausisse
834 2268 952 2328 eertum
984 2266 1025 2327 sit
1058 2269 1090 2327 et
1121 2265 1153 2327 in
1185 2263 1311 2328 scholiis
1340 2263 1464 2327 blateis
1490 2262 1630 2326 eiusdem
1660 2258 1735 2325 libri

207 2365 381 2445 fragmenta
403 2371 517 2450 passim
537 2376 694 2445 occurant,
713 2370 792 2434 hane
810 2391 934 2452 cinoque
952 2369 1090 2435 fabulam
1110 2372 1209 2435 eidem
1234 2371 1314 2435 libro
1336 2370 1475 2434 tribuere
1493 2369 1596 2433 nullus
1614 2367 1734 2430 dubito.

293 2474 464 2539 Ovidium
483 2497 615 2559 quoque,
633 2498 702 2540 euur
718 2477 827 2541 Festos
846 2477 1065 2551 conscriberet,
1084 2477 1323 2542 Catasterismos
1342 2483 1466 2560 praesto
1481 2477 1627 2541 habuisse
1641 2494 1732 2557 quam

205 2580 336 2643 maxime
360 2586 408 2644 est
430 2582 601 2666 probabile,
629 2606 697 2647 curn
722 2607 799 2666 eluas
822 2585 875 2648 ille
897 2590 1005 2648 narrat
1028 2583 1160 2660 fabulas,
1187 2606 1242 2649 eae
1264 2590 1390 2668 praeter
1412 2584 1550 2667 quinque
1573 2603 1679 2646 omncs
1702 2581 1734 2645 in

204 2686 434 2752 Catasterismis
461 2691 632 2754 extiterint.
679 2713 777 2775 neque
805 2697 910 2755 tamen
938 2714 975 2754 ex
1002 2692 1054 2754 illo
1082 2713 1161 2756 nova
1183 2691 1359 2773 fragmenta
1386 2692 1454 2756 elici
1478 2695 1617 2773 possunt.
1661 2709 1734 2752 nam

204 2794 341 2877 quinque
368 2795 437 2859 illas
464 2797 645 2862 historiolas
672 2799 712 2862 ad
735 2798 974 2864 Catasterismos
1001 2798 1118 2862 referre
1145 2821 1207 2864 non
1230 2800 1344 2875 ansim3
1372 2803 1445 2864 sunt
1472 2819 1527 2863 eae
1556 2798 1594 2862 de
1618 2796 1734 2860 Arione

205 2900 234 2964 ll
258 2902 309 2977 83,
332 2903 372 2966 de
396 2902 535 2968 Piscibus
554 2904 584 2968 ll
603 2906 677 2980 457,
700 2906 740 2969 de
760 2905 890 2988 Ampelo
908 2906 955 2970 Ill
975 2906 1049 2982 409,
1072 2907 1112 2970 de
1130 2906 1225 2971 Milvo
1243 2906 1291 2971 lll
1311 2906 1383 2982 795,
1407 2907 1445 2970 de
1465 2904 1604 2970 Geminis
1617 2903 1645 2966 V
1660 2901 1733 2965 699.

204 3030 242 3071 ex
268 3007 318 3072 his
345 3032 426 3092 quae
449 3011 488 3075 de
512 3012 628 3076 Arione
656 3018 688 3077 et
715 3014 754 3077 de
777 3012 960 3078 Castoribus
987 3018 1156 3077 narrantur
1179 3013 1283 3078 Ovidii
1306 3019 1410 3078 aetate
1433 3035 1472 3076 ne
1494 3012 1582 3095 pueri
1608 3010 1732 3095 quidem

204 3117 405 3198 ignorabant3
433 3141 513 3202 qnae
541 3119 580 3183 de
607 3119 748 3184 Piscibus
775 3127 943 3184 narrantur
969 3142 1078 3184 eorum
1105 3121 1265 3185 simillima
1292 3127 1377 3197 sunt,
1405 3142 1485 3205 quae
1513 3141 1550 3183 ex
1578 3119 1733 3199 Diogneto

203 3223 377 3305 Erythraeo
400 3224 541 3308 Hyginus
564 3227 669 3291 adfert
690 3226 722 3289 ll
746 3228 802 3301 303
825 3227 958 3310 denique
982 3249 1062 3309 qnae
1085 3229 1124 3292 de
1147 3227 1243 3292 Milvo
1267 3234 1298 3292 et
1321 3229 1361 3293 de
1384 3228 1515 3312 Ampelo
1539 3231 1655 3301 narrat,
1678 3230 1733 3289 aut

202 3329 329 3395 aliunde
348 3330 443 3397 habet
462 3333 591 3398 Ovidius
610 3340 665 3398 aut
684 3335 815 3397 fortasse
834 3335 900 3417 ipse
917 3335 1045 3398 invenit.
1083 3334 1208 3399 omnino
1230 3335 1400 3399 tenendum
1419 3340 1466 3398 cst
1484 3334 1523 3397 de
1541 3333 1653 3398 Ouidio
1672 3330 1732 3413 agi,

203 3437 270 3501 viro
292 3459 361 3501 cum
385 3460 512 3520 poeseos
536 3460 667 3522 graecae
689 3447 756 3503 tum
779 3440 956 3504 fabularum
978 3442 1156 3523 cognitione
1179 3440 1226 3504 vel
1251 3442 1334 3506 inter
1355 3441 1502 3524 aequales
1526 3440 1648 3523 insigni.

291 3545 533 3610 Germanicus
555 3567 678 3629 quoque
701 3546 939 3612 Catasterismos
962 3549 1074 3630 legisse
1097 3548 1233 3622 videtum
1260 3570 1331 3612 nam
1355 3569 1433 3630 quas
1456 3546 1508 3611 ille
1528 3547 1652 3611 Arateis
1675 3547 1731 3611 ad-

203 3653 312 3716 miscet
336 3651 467 3728 fabulas,
493 3691 532 3700 -
556 3652 633 3717 facit
654 3659 760 3718 autem
783 3653 842 3718 hoe
865 3655 1082 3719 rarissimo-
1102 3677 1140 3719 ex
1163 3656 1207 3719 eis
1230 3660 1311 3729 sunt,
1334 3676 1410 3738 quas
1432 3654 1473 3719 ad
1492 3653 1731 3718 Catastcrismos

202 3759 392 3834 rettulimus3
419 3759 476 3823 has
501 3781 607 3824 omnes
630 3761 670 3825 ad
694 3761 859 3843 Epitomen
882 3762 1049 3825 adnotatas
1072 3762 1218 3827 invenies.
1263 3782 1343 3826 nova
1365 3768 1471 3826 tamen
1494 3761 1670 3843 fragmenta
1691 3781 1731 3825 ne

202 3887 240 3928 ex
263 3866 317 3929 illo
340 3867 465 3948 quidem
489 3867 554 3950 peti
576 3872 714 3950 possunt.

289 3971 393 4036 Unum
409 3971 702 4066 Catastem'smorum
717 3974 925 4057 fragmentum
940 3975 1076 4040 servavit
1090 3975 1258 4040 Achilles
1271 3975 1403 4040 Tatius
1417 3975 1457 4038 ad
1472 3975 1559 4039 Aret
1574 3996 1602 4056 p.
1617 3973 1678 4037 146
1689 3973 1729 4039 E:

201 4080 275 4161 περὶ
301 4078 335 4142 a
359 4075 482 4143 τούτου
502 4081 556 4161 (de
579 4080 680 4146 lacteo
700 4081 829 4155 circulol
854 4083 955 4167 φησὶν
974 4074 1210 4168 Ἐρατοσθένης
1228 4081 1264 4147 ἐν
1283 4089 1331 4166 τῷ
1351 4085 1608 4165 Καταστεριομῴ
1631 4086 1729 4163 μυθι-

201 4180 351 4266 κώτερον
382 4176 444 4248 τὸν
475 4187 634 4270 γαλαξίαν
661 4183 787 4252 κύκλον
814 4187 985 4272 γεγονέναι
1017 4186 1054 4252 έκ
1082 4196 1143 4252 τοῦ
1170 4197 1227 4274 τῆς
1247 4180 1344 4273 Ἥρας
1370 4185 1546 4271 γάλακτος·
1580 4193 1641 4252 τοῦ
1667 4179 1729 4271 γὰρ

197 4284 391 4374 Ἡρακλέους
415 4287 463 4355 fra
485 4292 630 4376 βρέφους
653 4287 750 4371 ὄντος
773 4287 912 4359 καὶτὸν
939 4286 1066 4379 μαστὸν
1094 4302 1149 4381 τῆς
1165 4287 1262 4379 Ἥρας
1289 4294 1559 4378 ἐπισπασαμένου
1583 4291 1729 4377 σφοδρό-

200 4420 299 4480 τερον
322 4396 452 4484 έκεὶνην
471 4391 672 4465 ἀντισπάσαι
695 4403 750 4464 καὶ
773 4392 881 4478 οὕτως
903 4401 1143 4485 περιχυθέντος
1162 4410 1223 4466 τοῦ
1245 4397 1409 4487 γάλακτος
1427 4397 1554 4465 κύκλον
1572 4400 1729 4485 γενέσθαι

200 4504 375 4588 παγέντος·
399 4496 439 4569 τὸ
464 4505 500 4570 δὲ
523 4498 605 4571 αὐτὸ
629 4509 682 4572 καὶ
708 4507 763 4572 ἐπὶ
786 4516 848 4571 τοῦ
862 4500 980 4592 Ἑρμοῦ
1003 4507 1088 4591 λέγει
1111 4515 1308 4595 γεγενῆσθαι
1327 4502 1572 4593 Ἐρατοσθένης,
1596 4501 1642 4585 ὡς
1665 4501 1729 4592 ἄρα

201 4601 347 4695 ὃἘρμῆς
370 4618 431 4675 τοῦ
452 4619 581 4694 μαστοῦ
604 4606 769 4699 τῆςἹΙρας
788 4609 1007 4680 ἐπεσπάσατο.
1046 4621 1141 4698 atque
1159 4615 1325 4681 Herculem
1348 4617 1388 4680 ad
1412 4615 1539 4680 lunonis
1563 4637 1729 4679 mammam

287 4859 320 4921 ³⁷>
339 4861 379 4914 Cf.
399 4860 490 4915 adnot.
509 4863 551 4916 39.

287 4946 321 5015 ⁵⁸)
338 4948 414 5002 Haec
429 4951 513 5005 verba
532 4949 561 5005 in
575 4952 630 5006 MV
641 4952 769 5007 continuo
783 4959 920 5018 sectantur,
939 4969 1000 5008 cum
1015 4953 1043 5007 in
1058 4953 1224 5009 editionibus
1238 4954 1314 5010 aliud
1328 4953 1461 5009 scholium
1476 4953 1668 5025 interpositum
1683 4954 1728 5009 sit.
