3894 5708
244 384 346 439 Scaeu.
366 384 458 439 Grau.
478 383 510 439 G.
522 373 560 453 ἰι
583 385 641 441 149.
662 384 702 437 14.

188 1752 266 1814 quas
285 1731 398 1797 Graeci
417 1753 438 1797 a
455 1732 639 1815 pluralitate
661 1733 804 1797 Pliadas.
818 1781 843 1795 ..

142 1887 149 1899 .
169 1886 176 1900 .
196 1887 204 1901 .
223 1845 342 1904 vocant.

1147 384 1279 438 Hrersus
1297 385 1333 448 11,
1351 386 1394 439 ⁶21.
1583 385 1641 447 111

942 561 1070 644 Hyades
1100 568 1208 627 autem
1239 563 1419 646 adpellatae
1445 567 1533 636 sunt,
1564 567 1600 624 ut

898 669 945 732 ait
984 668 1144 745 Musaeus,
1188 670 1274 751 quod
1318 690 1357 733 ex
1397 667 1527 733 Atlante
1566 673 1600 730 et

899 775 1020 841 Aethra
1059 775 1176 840 Oceani
1216 774 1282 840 filia
1321 777 1386 840 sint
1425 773 1509 839 filiae
1540 772 1598 837 XV

898 863 1096 966 procreatae,
1123 901 1257 964 quarum
1280 880 1308 945 V
1332 881 1460 964 Hyadas
1487 879 1597 963 adpel-

897 989 979 1053 latas
1012 989 1221 1064 demonstrat,
1254 988 1338 1071 qued
1370 1009 1479 1053 earum
1511 985 1597 1070 Hyas
1625 995 1642 1048 5

898 1094 995 1159 luerit
1016 1092 1117 1159 frater
1139 1115 1160 1159 a
1180 1093 1342 1159 sororibus
1360 1095 1531 1178 plurimum
1550 1093 1597 1157 di-

898 1200 1005 1266 lectus.
1051 1201 1105 1284 qui
1128 1221 1198 1265 curn
1221 1222 1337 1265 venans
1359 1220 1380 1265 a
1401 1201 1492 1266 leone
1515 1206 1598 1264 esset

898 1307 1096 1384 interfectus,
1123 1307 1274 1390 quinque,
1303 1308 1344 1372 de
1366 1307 1480 1390 quibus
1502 1327 1600 1389 supra

898 1414 1043 1490 diximus,
1066 1413 1346 1479 lamentationibus
1364 1413 1506 1478 adsiduis
1523 1433 1596 1497 per·

897 1526 1001 1585 motae
1032 1521 1181 1585 dicuntur
1205 1519 1358 1586 interisse
1415 1540 1514 1603 quare
1536 1540 1598 1595 aas,
1608 1528 1642 1581 10

897 1628 981 1709 qued
1022 1626 1193 1709 plurimum
1234 1627 1273 1692 de
1314 1628 1381 1692 eius
1417 1633 1519 1691 morte
1552 1626 1598 1691 la·

896 1733 1055 1809 borareut,
1077 1733 1207 1818 Hyadas
1230 1733 1414 1817 adpellatas.
1459 1733 1598 1814 reliquas

897 1848 1002 1904 autem
1040 1840 1147 1905 decem
1179 1860 1303 1905 sereres
1334 1823 1525 1905 deliberasse
1557 1839 1597 1903 de

897 1967 1039 2011 sororum
1053 1952 1155 2010 morte
1170 1951 1203 2010 et
1216 1966 1324 2010 earum
1333 1952 1453 2029 septem
1462 1950 1597 2010 mortem

896 2052 958 2116 sibi
977 2052 1145 2127 eonseissm
1167 2073 1265 2135 quare
1284 2053 1368 2135 qued
1386 2052 1494 2136 plures
1513 2051 1596 2116 idem
1608 2060 1642 2113 15

896 2159 1060 2234 senserint,
1084 2158 1211 2223 Pliadas
1234 2159 1343 2223 (listris.

930 4220 943 4257 e
958 4202 1064 4256 Aethra
1080 4199 1113 4254 R.
1141 4202 1252 4271 Aethya
1265 4202 1307 4256 M.
1336 4202 1419 4255 Aetla
1433 4200 1470 4254 D.
1495 4201 1590 4255 Plione
1604 4201 1638 4255 B.

895 4291 1008 4345 Electra
1025 4286 1059 4343 'P.
1088 4290 1175 4344 lectra
1195 4290 1222 4343 V.
1271 4291 1320 4343 XV
1340 4306 1361 4342 e.
1382 4306 1405 4355 q.
1425 4306 1445 4342 s.
1461 4290 1495 4354 cf.
1510 4290 1639 4359 Preleqn·

896 4396 976 4433 »aena
983 4396 1012 4447 p.
1024 4382 1067 4432 12.
1140 4396 1152 4432 a
1162 4378 1322 4447 plurimum:
1338 4378 1448 4447 plurimi
1461 4379 1489 4430 V.
1564 4396 1586 4432 ιι
1599 4377 1639 4432 la·

896 4469 1036 4523 berarent:
1057 4467 1183 4521 laverunt
1198 4468 1227 4520 V.
