3894 5708
289 329 352 392 102
534 327 674 382 Esrroua.
941 331 1040 383 Scaea.
1062 331 1150 382 Arar.
1171 344 1195 383 v.
1217 329 1275 383 156.
1330 328 1543 383 Sourou'Grau.
1562 329 1614 383 BP.
1634 346 1661 398 p.
1682 329 1726 395 73,
1747 329 1788 383 10.

331 522 393 569 σαν
417 500 492 588 αίγα
516 497 712 584 ὑποθεῖναι,
735 498 796 590 τὴν
821 498 851 569 d'
873 504 932 569 lx:
1298 507 1388 570 didit.
1420 506 1499 571 haec
1514 505 1783 571 luitdominaca-

330 609 458 694 θρέψαι
481 611 554 675 Δία’
587 601 647 696 τὴν
677 610 711 675 δὲ
741 606 816 694 αἶγα
840 607 925 676 εἶναι
1297 634 1385 695 prae,
1423 634 1503 695 quae
1540 634 1578 676 cx
1610 633 1649 676 ea
1679 613 1784 677 lovem

327 708 437 781 Ἡλίου
456 716 626 801 θυγατέρα
642 709 791 801 φοβερὰν
806 709 924 797 οὕτως,
1084 706 1094 753 ·’
1279 719 1438 783 uutrivit.
1482 739 1550 782 esse
1573 726 1680 783 autem
1703 719 1786 784 hauc

330 813 416 888 ὥστε
445 815 524 900 τοὺς
551 814 638 887 κατὰ
660 819 798 908 Κρόνον
821 816 925 901 θεοὺς
1297 824 1450 906 capellam
1523 822 1604 888 Solis
1676 823 1784 902 filiam,

303 929 613 1013 ὅβδιλυττομένους
632 921 694 1016 τὴν
713 922 848 1016 μορφὴν
866 938 924 1016 τῆς
1297 931 1385 994 ouius
1415 931 1582 1012 adspectus
1605 936 1669 995 tam
1694 938 1786 997 atrox
1813 942 1833 995 5

330 1027 423 1118 αίγός
452 1029 591 1116 sigurdum
615 1028 678 1119 τὴν
702 1040 783 1122 Γῆν.
797 1033 924 1121 κρύψαι
1297 1036 1393 1101 fuisse
1425 1036 1555 1113 dicitur,
1587 1043 1624 1100 ut
1655 1037 1785 1109 Titanes

330 1133 435 1227 αὐτὴν
455 1138 491 1206 ἔν
510 1165 578 1206 τινι
596 1149 668 1209 τᾶν
687 1134 773 1207 κατὰ
788 1139 923 1229 Κρήτην
1297 1165 1366 1207 eam
1397 1134 1547 1207 timereu't
1574 1151 1785 1227 rogarentque

329 1241 476 1333 ἄντρων·
529 1250 586 1313 καὶ
636 1241 922 1336 ἄποκρυψαμένιγν
1296 1253 1430 1313 matrem
1461 1247 1605 1326 Terram,
1641 1255 1678 1313 ut
1714 1272 1784 1314 eam

329 1352 518 1437 ἐπιμέλειαν
551 1347 652 1441 αὐτῆς
683 1363 723 1438 τῇ
746 1348 923 1445 Ἀμαλθείᾳ
1296 1355 1437 1420 abderet.
1487 1355 1586 1420 Terra
1617 1359 1724 1420 autem
1752 1357 1786 1420 in

285 1471 319 1522 10
330 1458 518 1545 ἐγχειρίσαι,
551 1453 613 1547 τὴν
646 1462 681 1526 δὲ
714 1469 762 1546 τῴ
796 1461 923 1548 ἐκείνης
1296 1469 1387 1527 antro
1429 1461 1566 1526 clausam
1602 1483 1672 1525 oum
1710 1473 1836 1527 curalo

328 1561 468 1650 γάλακτι
496 1559 557 1632 τὸν
581 1569 641 1631 Δία
665 1566 841 1651 ἐκθρέψαι·
873 1568 922 1633 lr-
1296 1568 1482 1632 Amaltheae
1514 1567 1650 1632 tradidit
1681 1575 1787 1632 custo-

329 1668 456 1748 θόντος
471 1672 507 1736 ot
521 1680 583 1737 τοῦ
596 1665 717 1750 παιδὸς
732 1673 777 1750 εἰς
790 1667 922 1760 ἡλικίαν
1296 1675 1443 1738 dieudam
1472 1673 1578 1758 ibique
1601 1674 1705 1738 lovem
1735 1675 1786 1738 in-

328 1780 385 1843 καὶ
411 1776 593 1861 μέλλοντος
620 1783 731 1844 Τιτᾶσι
753 1784 922 1863 πολεμεῖν,
1296 1780 1415 1844 sautem
1439 1781 1595 1844 educasse.
1636 1781 1788 1864 quicum

328 1878 391 1949 οὐκ
430 1881 565 1967 ἔχοντος
597 1885 633 1949 δὲ
665 1875 768 1966 ὅπλα,
805 1893 922 1952 θεσπι-
1297 1893 1380 1950 esset
1393 1887 1515 1951 iuvenis
1529 1892 1562 1949 at
1577 1886 1789 1951 coutra'l'ita—

286 2002 318 2054 15
329 1996 453 2077 σθῆναι
477 1984 569 2076 αὐτῷ
592 1999 650 2078 τῆς
670 1985 761 2076 αἰγὸς
779 2001 819 2075 τῇ
839 1995 922 2082 δορᾷ
1033 1994 1121 2063 ψίῑὸ,
1141 1994 1183 2046 39·
1296 2014 1352 2056 uas
1371 1993 1500 2057 inermis
1519 1992 1613 2057 vellet
1636 2013 1790 2077 pugnare,
1803 2004 1840 2057 15

329 2090 425 2181 ὅπλῳ
440 2094 629 2183 χρήσασθαι
645 2095 698 2164 διά
713 2123 749 2164 τε
764 2091 921 2184 τόἄτρα-
1039 2100 1096 2163 καί
1155 2116 1268 2180 φασιν,
1296 2099 1364 2161 eius
1396 2099 1479 2180 pelle
1512 2099 1629 2163 dicitur
1657 2107 1792 2183 accepta

327 2226 389 2267 τον
413 2196 514 2289 αὐτῆς
536 2205 590 2268 καὶ
616 2196 764 2288 φοβερὸν
787 2207 844 2270 καὶ
868 2198 921 2271 διὰ
995 2199 1047 2271 ὅτι
1081 2196 1175 2292 [μετὰ
1205 2200 1267 2269 θιί-
1295 2225 1353 2286 pro
1381 2211 1470 2268 scuto
1493 2224 1568 2268 usus
1591 2226 1672 2282 esse,
1700 2207 1790 2290 quod

328 2301 367 2373 τὸ
388 2308 433 2385 τίς
446 2309 549 2395 μέσην
565 2301 626 2396 τὴν
640 2307 736 2395 ῥάχιν
751 2308 922 2396 Γοργόνος
995 2309 1111 2397 νατον]
1154 2306 1268 2390 λαβών
1296 2331 1419 2392 semper
1446 2310 1567 2375 Titanis
1595 2313 1719 2394 agitata
1747 2314 1792 2376 ti·

326 2411 515 2499 πρόσωπον
535 2412 629 2498 ἔχειν.
662 2412 867 2503 ποιήσαντος
886 2418 919 2481 δὲ
994 2410 1094 2504 αὐτῆς
1108 2409 1147 2480 τὸ
1166 2415 1268 2499 δέρμα
1295 2416 1375 2479 mori
1393 2417 1496 2481 fuerat
1511 2423 1544 2481 et
1558 2420 1643 2500 quod
1657 2418 1791 2483 ‹limba-

283 2529 434 2586 θθταῦτα
466 2529 528 2585 τοῦ
555 2514 632 2599 Διὸς
663 2524 720 2587 καὶ
747 2531 787 2606 τῇ
816 2523 921 2606 σκέπῃ
948 2515 1079 2588 sonare}
1121 2523 1267 2607 συνιίλιγ-
1296 2530 1348 2586 tur
1362 2523 1467 2586 media
1480 2524 1563 2606 pelle
1584 2524 1789 2608 Gorgoneum
1802 2537 1843 2587 ‘20

327 2627 494 2709 φανέντος
519 2629 743 2707 διπλασίονος,
771 2621 813 2694 τὰ
837 2622 920 2696 ὀστᾶ
994 2651 1046 2694 σιν
1088 2628 1266 2712 περιέθετο
1295 2636 1390 2712 caput
1404 2629 1529 2693 habere.
1553 2651 1590 2694 eo
1604 2636 1691 2695 tutus
1706 2632 1793 2714 tegi-

328 2735 363 2798 σὲ·
391 2742 449 2820 τῆς
477 2725 568 2818 αἰγὸς
596 2730 810 2818 καλύψαντος
837 2731 920 2821 ἄλλῃ
992 2727 1267 2821 καὶαύτὴνκατη-
1296 2742 1402 2799 mento
1416 2736 1559 2818 aliusque
1573 2758 1687 2819 caprae
1696 2743 1794 2821 terga

328 2842 411 2928 ὁόρᾷ
434 2842 491 2904 καὶ
514 2836 662 2924 ἔμψυχον
681 2833 785 2928 αὐτὴν
809 2845 866 2907 καὶ
884 2837 918 2908 d·
992 2834 1267 2926 ociosos-,drdfcd-
1295 2840 1793 2925 aliapelletectarestituitvitae,

326 2941 921 3036 θάνατονκατασκευάσαντος,αὐτὴν
993 2951 1103 3032 γίοχος
1157 2944 1267 3033 κικίή-
1297 2954 1329 3011 et
1346 2969 1415 3012 eam
1435 2948 1673 3014 immortalitate
1687 2949 1793 3014 dona-

282 3053 388 3137 ttuiv
429 3071 532 3135 φασιν
574 3047 714 3137 [ἄστρον
760 3047 921 3141 οὐράνιον
949 3066 1108 3121 θὸσκιται
1133 3047 1267 3139 ιῖνθροί-
1296 3055 1342 3118 vit
1357 3055 1497 3137 caelique
1507 3057 1603 3121 astris
1613 3056 1844 3121 intulit.**25

327 3155 682 3245 κατασκευάσαι.]***
991 3154 1126 3227 ποισιν.’
1297 3162 1392 3226 etiam
1411 3161 1580 3245 aegioehus
1598 3162 1796 3246 adpellatur.

318 3421 425 3494 σοίγὸς
439 3425 638 3494 Koppiersius:
657 3422 756 3490 παιδὸς
771 3427 841 3480 tetri.
871 3423 922 3495 τὴν
985 3428 1107 3481 scholion
1125 3428 1207 3480 struis
1223 3427 1267 3480 ds·
1333 3443 1359 3480 ιο
1377 3443 1437 3480 cum
1458 3443 1524 3480 cura
1543 3428 1755 3496 huoreuocasi,·
1774 3430 1842 3483 red-

283 3513 391 3566 oddidi.
443 3531 468 3570 1³
482 3515 577 3567 Τιτᾶσι
597 3515 710 3582 scripsi:
730 3515 831 3585 Γίγασι
852 3515 920 3568 liert.
950 3522 1091 3569 curtatum
1101 3515 1269 3569 studioersis
1298 3515 1406 3568 duntur
1421 3516 1493 3568 caim
1502 3514 1651 3584 Epitomae
1665 3514 1841 3572 οττὺοέπι-

283 3598 706 3672 ιοσκέπριοτίγιιίετίχιγίίὸτί.
744 3597 922 3674 ιι.ιοᾶστρον
952 3605 1163 3658 narrationrlrus
1204 3620 1268 3658 con·
1296 3600 1438 3670 μίλιιαν
1458 3599 1543 3672 αὐτῆς
1561 3608 1595 3673 τῇ
1611 3600 1642 3659 s.
1659 3601 1844 3675 ἐγχειρίσαι,·

278 3685 416 3758 ,οὐράνιον
426 3687 639 3745 κατασκευάσαι
652 3693 732 3745 cerba
742 3709 814 3760 quoe
823 3710 922 3747 sermo-
950 3696 1057 3762 stotzam,
1077 3694 1269 3746 catastarum
1296 3692 1327 3744 iu
1337 3692 1391 3744 BP
1399 3692 1643 3759 postrsiulantem
1657 3694 1841 3763 tepitwrcum

283 3779 470 3847 aiEpitomue
484 3781 864 3850 operterepmpuontsectusr',
880 3783 921 3835 lo·-
951 3788 1072 3834 extrema
1085 3780 1267 3836 rsrtueaCu·
1297 3782 1521 3834 curaematheae⁴
1560 3781 1842 3854 rapallo-accepta
1866 3841 1873 3850 ,

284 3884 386 3921 cunam
405 3870 500 3936 statui,
521 3869 559 3922 ad
579 3884 663 3934 quum
678 3868 842 3936 explendam
855 3869 923 3924 lauec
950 3870 1110 3923 tartertsmis
1155 3870 1269 3936 ίίιιαίιοι
1296 3870 1408 3936 scripsi:
1431 3869 1532 3938 pellem
1551 3877 1752 3938 —acceptam
1774 3873 1840 3928 BP.

284 3957 544 4024 interpolatorum,
565 3953 921 4027 aaraoxsecicmexprue-
950 3964 1100 4011 ceterorum
1159 3959 1268 4011 testium
1297 3963 1435 4024 arreptam
1446 3961 1471 4027 β.
1542 3975 1567 4014 ιτ
1578 3975 1642 4012 usus
1653 3974 1715 4013 esse
1725 3962 1840 4029 scripsi.

284 4044 391 4098 cedenti
407 4040 676 4109 κατασκευάσαντος
694 4048 822 4114 repettto;
849 4049 921 4100 erci-
950 4047 1121 4114 comparatio
1184 4047 1267 4099 docet.
1298 4062 1373 4099 usum
1389 4061 1423 4099 ea
1432 4046 1491 4099 BP.
1569 4063 1595 4102 rs
1605 4046 1715 4101 Titania
1724 4049 1841 4117 agitata

284 4132 387 4186 derunt
409 4139 502 4187 autem
520 4134 587 4187 haec
604 4134 670 4200 sere:
690 4131 721 4188 ἐν
735 4143 793 4199 τοῖς
807 4129 922 4206 ἄστροις
950 4130 1267 4200 ιιιιμετὰθάνατονῐα-
1296 4137 1322 4204 β.
1365 4134 1454 4188 titana
1480 4135 1627 4203 sagittator
1650 4135 1684 4187 B.
1728 4136 1841 4193 titanas

283 4224 411 4289 τιθῆναι,
432 4223 484 4276 Δία
503 4221 532 4277 δὲ
552 4221 680 4294 αἰγίοχον
698 4226 846 4292 κληθῆναι.
950 4239 1023 4277 mere
1033 4223 1141 4277 addidit
1150 4222 1267 4277 scholia·
1296 4222 1416 4290 agitator
1434 4222 1466 4275 P.
1496 4223 1530 4288 cf.
1547 4222 1844 4294 Gatatop.lra9m.11

949 4320 1014 4365 stes.
1080 4330 1105 4367 ao
1124 4307 1197 4365 κατὰ
1217 4306 1269 4378 τὴν
1296 4309 1580 4379 (=actaot.lt.0229)
1593 4304 1664 4365 εἶναι
1676 4307 1734 4383 γὰρ
1744 4310 1840 4384 αὐτὴν

283 4398 437 4464 Berosus
455 4395 506 4466 τὴν
521 4417 570 4453 om.
587 4401 651 4454 MV
664 4406 740 4453 recte.
797 4417 822 4454 as
833 4397 957 4469 αἰγίοχος
973 4401 1038 4454 MV.
1068 4395 1181 4469 ιίίγιιος
1196 4399 1267 4452 Bet·-
1296 4394 1503 4470 ἅιίψόβητρον.
1560 4399 1687 4456 latuerat
1697 4400 1838 4458 Wilamo·

283 4486 371 4540 teras.
391 4487 472 4541 tobes
490 4489 605 4543 Musaei
622 4489 785 4554 frustulum.
1296 4489 1416 4541 witaius:
1436 4488 1521 4542 suerit
1540 4488 1600 4543 BP.
1629 4488 1701 4557 quod
1719 4493 1747 4560 β.
1782 4509 1838 4561 quo

1296 4577 1356 4630 BP.
1433 4594 1459 4632 as
1477 4576 1604 4646 aliusque
1622 4578 1664 4631 B:
1682 4577 1782 4647 aliqua
1801 4579 1835 4634 P.

284 4664 325 4718 itu
343 4664 375 4716 αι’
393 4663 480 4730 sotter
497 4665 646 4732 Epitomae
663 4665 735 4719 illud
753 4664 892 4734 ψανὲντος
910 4668 1090 4729 διπλασίονος
1109 4667 1180 4720 mute
1198 4665 1364 4719 intellectum
1382 4665 1481 4720 reddit.
1572 4683 1597 4722 aa
1616 4666 1699 4731 vitae,
1720 4673 1751 4721 et
1771 4684 1836 4724 eam

285 4752 493 4807 immortalitate
514 4754 699 4808 Muacteras:
717 4754 791 4809 vitae
810 4755 894 4809 stiam
913 4756 1082 4810 mortalitate
1101 4754 1161 4808 BP.
1199 4754 1257 4808 vita
1276 4763 1304 4808 et
1323 4754 1532 4810 immortalitate
1550 4759 1576 4826 β.
1654 4769 1682 4812 aa
1701 4755 1835 4826 caelique

282 4845 313 4912 fl:
334 4841 466 4910 caeloque
485 4842 545 4896 BP.
582 4859 647 4897 moa
664 4844 797 4898 lacunam
814 4846 917 4911 stotut;
935 4845 1050 4899 excidit:
1069 4844 1141 4899 uude
1161 4843 1232 4898 loris
1252 4845 1292 4897 oet
1310 4844 1365 4897 tots
1384 4843 1459 4911 quid.
1559 4861 1585 4901 as
1603 4843 1764 4913 adpellatur
1782 4846 1835 4901 alii

284 4929 387 4986 dicunt.
406 4934 433 5002 β.
470 4932 631 5001 apellaturii
650 4932 746 4987 dicunt
765 4934 825 4987 BP.
863 4933 927 4988 aliis
946 4932 1038 5002 placet
1058 4932 1085 4986 S.
1123 4933 1157 4998 cs.
1174 4933 1312 5001 popinam
1329 4939 1490 5000 separantem.
