3894 5708
195 360 259 427 228

195 544 335 616 noverat,
357 559 421 604 non
439 536 633 602 mirabimur.
657 536 741 601 idem
763 536 796 599 in
816 533 1024 619 Hermippum
1047 536 1158 600 cadere
1182 539 1215 599 et
1232 555 1289 617 per
1306 554 1340 599 se
1357 531 1522 617 probabile
1541 537 1590 598 est
1608 536 1642 597 et
1659 552 1733 597 con·

195 644 353 723 firmatur,
381 645 407 711 si
435 644 563 728 quidem
595 663 691 727 supra
722 648 808 708 recte
839 644 936 708 statui
968 643 1026 720 eis,
1054 662 1134 728 quae
1155 641 1269 707 ultima
1296 644 1369 707 sunt
1397 644 1430 705 et
1456 640 1569 724 capitis
1596 638 1678 706 sexti
1704 644 1735 704 et

195 752 388 818 Parmenisci
413 751 598 836 fragmenti,
623 750 729 816 verbis
757 750 818 816 clii
841 748 1027 815 Promethea
1054 751 1090 815 in
1115 752 1218 814 moute
1245 745 1388 813 Caucaso
1410 748 1548 813 mactum
1570 746 1734 830 Hermippi

197 860 438 946 explicationem
460 858 627 934 contineri3
650 858 702 925 cui
723 858 899 924 sententiae
916 858 1022 923 nescio
1040 878 1081 922 an
1100 879 1184 923 nunc
1200 877 1316 922 novum
1334 855 1558 921 adminiculum
1575 855 1652 920 inde
1670 853 1734 938 peti

196 969 306 1053 possit,
329 969 413 1053 quod
431 967 623 1032 Parmenisci
646 965 814 1050 fragmenti
837 965 870 1029 in
893 965 1019 1031 scholiis
1042 967 1084 1030 ad
1102 963 1241 1030 Rhesum
1258 965 1279 1030 l.
1299 985 1323 1030 8
1347 963 1463 1030 servati
1481 960 1578 1029 verba
1596 966 1735 1028 extrema

144 1078 148 1083 ’
198 1066 295 1153 ἀετὸς
324 1074 359 1140 δὲ
388 1065 470 1140 ὃτό
498 1063 588 1161 ἧπαρ
615 1080 678 1141 τοῦ
700 1072 910 1160 Προμηθέως
937 1071 1065 1139 ἐσθίων
1093 1062 1139 1149 ὥς
1166 1073 1248 1155 φασί
1269 1093 1359 1149 τινες
1385 1092 1455 1137 eam
1477 1070 1612 1156 Aquilae
1639 1070 1734 1135 inter·

194 1183 407 1266 pretationem
439 1182 593 1259 referunt,
627 1203 721 1265 quam
753 1180 793 1245 ab
821 1180 994 1267 Hermippo
1026 1180 1200 1265 profectam
1232 1201 1299 1246 esse
1326 1200 1423 1264 supra
1449 1180 1592 1245 euincere
1619 1177 1733 1243 studui.

195 1291 305 1372 itaque
327 1289 536 1373 Hermippum
563 1309 686 1374 quoque
709 1309 729 1353 a
751 1288 964 1366 Parmenisco,
992 1309 1086 1371 quem
1112 1289 1247 1353 maxime
1270 1289 1311 1352 ad
1333 1292 1444 1373 poetas
1471 1287 1647 1370 respexisse
1674 1284 1733 1351 iam

194 1397 311 1473 monui,
334 1395 513 1462 adhibitum
535 1417 602 1462 esse
625 1417 689 1462 non
711 1395 779 1461 sine
801 1395 1028 1479 probabilitate
1051 1400 1191 1461 statuero
1213 1394 1292 1460 mihi
1315 1396 1431 1462 videor.

285 1504 373 1583 Quae
395 1526 465 1570 cum
488 1506 536 1570 ita
557 1504 630 1582 sint,
653 1504 759 1569 omnia
781 1524 819 1569 ea
834 1524 921 1586 quae
940 1525 1036 1587 supra
1054 1503 1234 1569 enumeravi
1251 1503 1418 1587 Hermippi
1436 1502 1734 1587 Hegesianactisque

197 1610 375 1695 fragmenta
396 1611 556 1696 Hyginum
578 1612 663 1694 apud
686 1611 920 1676 Parmeniscum
948 1611 1123 1695 repperisse
1146 1610 1292 1676 arbitror.
1324 1612 1408 1677 idern
1431 1610 1518 1676 cadit
1538 1609 1573 1674 in
1595 1610 1734 1686 alteram,

196 1740 291 1805 quam
322 1740 361 1784 ex
391 1718 532 1784 Araetho
564 1718 685 1802 profert
716 1717 869 1794 fabulam,
902 1739 982 1802 quae
1014 1724 1063 1784 881
1094 1717 1135 1785 de
1161 1718 1246 1785 Ursa
1272 1717 1392 1783 maiore
1418 1716 1435 1782 I
1464 1717 1612 1784 18-20.
1650 1718 1733 1781 Ana-

196 1827 332 1893 creontis
355 1847 480 1911 quoque
503 1848 628 1892 versum
650 1848 678 1910 p.
701 1826 755 1903 42,
774 1827 793 1891 8
817 1847 856 1891 ex
884 1828 994 1892 eodem
1021 1831 1150 1892 auctore
1177 1826 1368 1910 descriptum
1396 1845 1464 1892 esse
1486 1846 1525 1891 ex
1547 1825 1734 1909 praeceden-

195 1934 281 2001 tibus
303 1935 388 2000 ultro
417 1935 528 1999 elucet.
565 1933 644 1999 haec
670 1933 747 1998 satis
775 1933 869 1999 certis
896 1934 1021 1998 indiciis
1044 1932 1288 2017 deprehendisse
1313 1932 1392 1998 mihi
1413 1932 1523 1998 videor
1545 1931 1734 1997 Parmenisci

196 2040 387 2125 fragmenta3
419 2041 516 2107 etiam
546 2040 611 2106 alia
638 2041 739 2106 inesse
766 2040 930 2124 probabile
958 2046 1020 2117 est,
1052 2062 1242 2126 quamquam
1269 2040 1481 2106 demonstrari
1507 2041 1628 2124 nequit.
1660 2037 1734 2103 mihi

197 2150 323 2233 quidem
336 2149 540 2213 dubimnnon
554 2154 612 2226 est,
626 2148 701 2231 quin
716 2168 773 2213 eae
787 2169 911 2233 quoque
921 2147 1078 2232 Ophiuchi
1093 2148 1320 2232 explicationes
1330 2149 1404 2214 XIV
1414 2171 1443 2232 p.
1455 2147 1506 2226 15,
1519 2145 1558 2210 15
1570 2186 1612 2196 -
1622 2146 1676 2223 51,
1687 2146 1735 2221 13,

197 2277 278 2341 quae
300 2255 540 2340 Hegesianactis
563 2256 778 2322 narrationem
801 2256 1062 2321 ex·Parmenisco
1087 2261 1119 2321 et
1142 2257 1242 2340 ipsam
1265 2258 1398 2341 petitam
1421 2254 1595 2339 excipiunt,
1623 2254 1734 2319 Erato

196 2363 340 2429 athenica
362 2369 467 2427 autem
489 2363 689 2438 antecedunt,
712 2364 753 2427 ad
776 2363 1011 2428 Parmeniscum
1033 2363 1217 2428 referendae
1240 2364 1311 2429 sint.

285 2470 335 2535 Ad
360 2490 413 2536 eos
435 2489 532 2553 pergo
556 2470 734 2552 scriptores,
756 2470 811 2552 qui
833 2491 895 2534 non
918 2471 958 2534 de
975 2469 1138 2543 ¹sideribus
1162 2470 1294 2554 egerint,
1317 2471 1373 2535 sed
1392 2469 1515 2535 fabulas
1534 2468 1733 2553 conlegerint

198 2599 237 2644 ex
263 2578 314 2642 his
341 2579 368 2642 si
396 2598 473 2661 quoa
500 2576 541 2642 ab
569 2577 638 2660 ipso
665 2576 790 2661 Hygino
817 2577 915 2642 lectos
943 2598 1012 2643 esse
1039 2579 1181 2642 euincere
1204 2578 1412 2661 potuerimus,
1438 2598 1503 2642 non
1525 2575 1734 2660 spernendum

198 2670 445 2751 emolumentum
466 2685 540 2749 inde
563 2685 813 2749 redundaturum
837 2706 904 2750 esse
926 2685 1060 2768 adparet
1083 2686 1123 2750 ad
1148 2706 1214 2762 eos,
1242 2685 1325 2750 unde
1349 2684 1528 2749 fabularum
1549 2683 1633 2749 liber
1655 2704 1734 2749 corn·

197 2793 315 2878 pilatus
338 2798 400 2869 881,
427 2793 529 2858 fontes
551 2792 794 2877 investigandos.
828 2799 923 2875 atque
947 2793 974 2858 si
998 2792 1294 2858 Catasterismorum
1317 2791 1495 2876 fragmenta
1516 2790 1625 2875 paullo
1647 2810 1735 2855 accu-

197 2902 298 2966 ratius
330 2900 571 2978 examinaveris,
607 2899 770 2985 intelleges
802 2899 962 2984 Hyginum
993 2900 1119 2983 saepius
1155 2899 1235 2966 ahos
1268 2905 1412 2967 auctores
1444 2900 1486 2965 ad
1517 2897 1735 2964 Eratosthenis

197 3010 395 3074 narrationes
418 3007 619 3091 complendas
642 3012 698 3072 aut
721 3007 923 3091 corrigendas
946 3006 1141 3082 adhibuisse;
1165 3007 1249 3072 idem
1268 3030 1339 3073 eum
1358 3008 1390 3072 in
1409 3008 1609 3072 Parmenisoo
1628 3004 1736 3071 fecisse

199 3120 441 3180 consentaneum
464 3120 521 3192 cst,
544 3136 733 3199 quamquam
755 3114 850 3181 hodie
873 3115 951 3180 haec
968 3115 1187 3181 additamenta
1205 3115 1342 3181 discerni
1359 3121 1527 3200 noqueunt.
1561 3135 1615 3180 eos
1633 3120 1736 3178 antem

198 3221 376 3306 scriptores,
401 3244 535 3308 quorum
557 3222 655 3287 verba
676 3223 819 3306 Hyginus
838 3222 1089 3288 Eratosthenicis
1112 3224 1274 3299 immiscet,
1298 3223 1400 3306 ipsum
1422 3222 1568 3288 manibus
1591 3220 1736 3286 habuisse

198 3329 269 3413 quis
297 3334 345 3393 est
372 3331 426 3412 qui
449 3330 563 3413 neget?
600 3327 794 3395 confidenter
816 3330 914 3413 igitur
936 3329 1106 3414 pronuntio
1129 3328 1188 3395 hos
1210 3329 1251 3395 ab
1274 3329 1400 3414 Hygino
1422 3330 1520 3396 lectos
1544 3351 1613 3396 esse
1639 3329 1736 3395 histo-

197 3437 318 3502 riarum
340 3437 524 3520 scriptores,
546 3436 824 3521 Asclepiadem,
847 3438 997 3515 lstrum‚
1019 3437 1276 3503 Euhemerum.

288 3541 533 3628 Asclepiades
565 3544 661 3609 semel
691 3549 816 3610 tantum
843 3550 1105 3609 commemoratur
1132 3545 1208 3610 XXI
1235 3568 1265 3629 p.
1290 3545 1345 3623 62,
1371 3545 1411 3610 16
1439 3544 1479 3610 de
1506 3543 1673 3630 Hyadibus
1699 3541 1735 3609 cf.

199 3649 412 3716 Catastcrism.
440 3650 549 3735 fragm.
576 3673 606 3735 p.
632 3652 709 3729 109,
735 3652 837 3728 1-3,
869 3653 1096 3736 Prolegomcna
1122 3676 1151 3736 p.
1178 3651 1232 3728 15;
1263 3651 1322 3718 bac
1354 3651 1506 3716 dicuutur
1540 3674 1563 3716 a
1590 3652 1735 3734 Ipcurp

198 3757 332 3841 sayclae
357 3761 386 3822 et
407 3762 538 3838 practer
563 3759 767 3823 Ambrosiam
794 3779 900 3824 omues
926 3760 971 3825 ad
1000 3760 1122 3824 flietim
1146 3759 1354 3842 profupotoc,
1383 3763 1419 3824 ut
1446 3760 1495 3823 cit
1520 3759 1734 3842 Asclepiades.

199 3887 239 3931 ex
264 3865 314 3930 his
340 3863 438 3931 verba
463 3865 523 3930 boc
546 3867 697 3931 dicacatur
719 3888 741 3930 a
763 3866 909 3950 Lycurpo
932 3866 1067 3949 frspctcc
1098 3866 1341 3932 Eratosthenica
1367 3872 1452 3943 sunt3
1485 3889 1523 3932 ex
1550 3866 1736 3950 Asclepiade

198 3973 278 4038 haec
305 3972 373 4037 sola
399 3974 501 4056 petita
527 3980 600 4039 sunt
627 3979 656 4038 et
678 3979 809 4053 praeter
830 3974 1033 4039 Ambrosia-m
1061 3994 1164 4038 omaes
1192 3975 1237 4038 ad
1262 3973 1385 4038 ibelim
1402 3972 1611 4056 profapatac.
1644 3980 1680 4038 at
1702 3994 1737 4038 ea

199 4099 336 4163 quoque,
363 4100 445 4162 quae
472 4086 633 4158 secuntur,
659 4080 902 4147 Eratosthenica
924 4089 1006 4147 sunt.
1043 4083 1166 4147 mediae
1193 4081 1292 4165 igitur
1315 4079 1537 4148 Eratosthenis
1562 4081 1736 4147 narrationi

199 4186 390 4270 interposuit
411 4186 563 4271 Hyginus,
586 4210 667 4273 quae
690 4189 774 4272 apud
794 4188 1012 4273 Asclepiadem
1034 4189 1205 4254 invenerat.
1237 4188 1289 4254 hic
1307 4188 1509 4272 Asclepiades
1527 4195 1636 4254 utrum
1654 4188 1737 4274 lllyr-

199 4293 308 4358 leanus
335 4295 377 4359 sit
403 4316 444 4359 an
472 4293 663 4378 Tragileusis
690 4294 855 4360 dubitatur
883 4317 903 4361 a
928 4297 1004 4361 viris
1032 4296 1147 4373 doctis3
1181 4296 1236 4360 scd
1264 4301 1313 4361 est
1340 4295 1541 4380 Tragileusis.
1583 4319 1658 4362 nam
1684 4296 1736 4361 ubi

200 4402 239 4466 de
266 4401 356 4485 Equo
383 4401 526 4486 Hyginus
558 4401 711 4485 loquitur,
743 4402 962 4469 Eratosthenis
994 4425 1087 4485 quem
1118 4402 1152 4468 in
1184 4403 1297 4469 ceteris
1328 4402 1422 4470 huius
1454 4403 1568 4486 capitis
1595 4404 1737 4488 partibus

200 4507 350 4573 exscribit
376 4509 481 4574 verbis
508 4508 760 4593 Bellerophontis
787 4511 954 4576 historiam
979 4511 1125 4594 adiungit
1151 4516 1218 4575 tam
1244 4517 1390 4576 accurate
1403 4566 1408 4574 .
1421 4510 1508 4576 illam
1523 4501 1607 4576 'cum
1633 4511 1737 4577 Ascle·

199 4615 303 4698 piadis
326 4615 518 4700 Tragileusis
541 4615 718 4699 fragmento
741 4619 1000 4695 consentientem,
1027 4624 1064 4682 ut
1092 4638 1130 4682 ex
1156 4616 1211 4683 illo
1234 4617 1380 4683 haustam
1407 4638 1475 4684 esse
1496 4639 1589 4683 nemo
1612 4618 1737 4684 nonsit

200 4743 410 4788 concessurus.
442 4722 653 4807 fragmentum
684 4723 762 4789 illud
795 4745 859 4789 una
890 4746 960 4789 cum
991 4723 1110 4809 Hygini
1142 4725 1325 4790 narratione
1352 4724 1489 4810 adpone,
1521 4725 1569 4790 ita
1595 4730 1633 4789 ut
1659 4745 1736 4808 quae

199 4828 443 4897 Eratosthenica
464 4836 547 4908 sunt,
569 4830 680 4908 solitis,
703 4852 784 4915 quae
808 4853 846 4897 ex
869 4831 1055 4915 Asclepiade
1078 4832 1193 4897 hausta
1215 4837 1290 4898 sunt
1312 4833 1417 4912 rerba,
1440 4831 1602 4899 inclinatis
1623 4832 1736 4900 litteris

200 4935 400 5022 distinguam.
