3894 5708
320 540 402 607 Coa.
427 540 680 607 Strozzianus

290 667 306 731 1
329 689 359 750 p.
385 667 457 742 142,
481 667 635 743 8-143‚
660 668 709 732 12.

172 773 327 856 [Arietem
344 795 491 855 aanrqae,
510 778 545 837 at
562 774 724 838 Hesiodus
741 779 770 838 ct
790 774 869 839 Phe-

127 881 255 961 reepdes
286 881 410 956 dica-nt,
442 882 528 945 inter
554 885 646 946 astra
674 882 870 946 cordoeatam

121 991 256 1068 proptor
276 986 433 1052 Phricant
451 993 479 1053 et
497 988 638 1072 Hellen]
662 989 870 1054 Athamantis

127 1098 156 1157 et
170 1093 312 1158 Nemdae
326 1094 421 1174 filios.
447 1096 504 1175 qai
517 1116 586 1159 enm
600 1117 766 1159 nostercam
778 1117 870 1160 snam

128 1202 267 1265 occidere
280 1183 403 1278 sellem,
417 1202 582 1265 insaniae
592 1202 705 1266 Libero
720 1203 870 1266 dicantar

127 1307 311 1394 adfectiffl)
348 1309 404 1388 qai
436 1308 511 1372 darn
542 1309 578 1372 in
604 1308 687 1372 siloa
714 1313 870 1386 errarent,

127 1420 229 1479 prater
247 1417 293 1479 cis
310 1417 442 1479 arietem
459 1420 580 1479 aurata
593 1416 678 1495 pelle
693 1416 797 1497 [ertia
811 1415 870 1480 eccl-

128 1523 265 1587 dncisse.
281 1524 338 1603 qni
348 1543 419 1585 crim
432 1523 587 1604 accipere
601 1522 724 1599 vellent,
738 1524 774 1586 in
783 1544 871 1586 arare

122 1629 259 1708 proiecti
286 1633 376 1705 sant,
410 1630 496 1709 qnod
517 1628 655 1710 pelapns
682 1629 736 1713 [ah
763 1628 872 1693 Helles

128 1736 267 1818 nomine]
296 1735 519 1816 Hellespontus
548 1740 687 1800 oocatnr.
726 1736 871 1820 [Hellen-

129 1842 241 1927 qne²⁸)
260 1843 354 1906 alant
377 1865 398 1906 a
417 1842 565 1922 Neptnno
588 1842 758 1907 salectam.
786 1848 815 1907 et
834 1864 873 1908 ca

129 1969 166 2012 ea
192 1970 330 2028 pneram
362 1949 518 2014 Paeanem
548 1951 682 2034 pentat]
716 1949 872 2014 Phriaarn

129 2059 234 2118 ardent
256 2057 419 2143 seaensw)
448 2057 651 2140 [praefatam
674 2055 870 2144 arietern³⁰)]

132 2160 261 2227 Colchos
283 2163 447 2228 advectam
469 2165 515 2227 ad
535 2164 667 2228 Aeetam
689 2185 791 2246 repam
812 2157 871 2228 ihiss

129 2289 188 2349 qne
207 2271 336 2333 arietem
350 2271 457 2334 Medi
475 2270 645 2335 terricolassc
664 2272 768 2354 [eique
781 2292 873 2335 suam

128 2397 261 2439 caream
265 2376 381 2456 pellem
395 2379 590 2456 concessisse,
605 2382 778 2459 antequam
788 2379 873 2442 inter

128 2487 220 2546 astra
229 2486 458 2568 processisset]
475 2505 573 2565 arram
586 2485 683 2550 droco
694 2487 871 2550 custodivit.

173 2912 313 2992 pertitam
337 2917 441 2976 antem
459 2913 541 2976 hane
559 2914 690 2976 arietem
707 2912 817 2976 dicant
835 2934 874 2977 en

129 3018 278 3098 Neptnno
292 3023 321 3082 et
333 3019 523 3099 Theophane
532 3019 576 3105 ³¹)
589 3018 776 3083 Basaltidis
789 3019 871 3099 tilia.

130 3144 228 3205 qnam
250 3147 320 3188 earn
342 3126 538 3203 aetimasset,
565 3129 601 3190 in
623 3125 765 3190 insulam
792 3125 872 3190 Crar-

129 3233 260 3296 missam
283 3234 505 3298 transduxisse
529 3235 623 3315 inque
644 3254 728 3296 ooein
745 3254 872 3299 correer-

128 3340 212 3402 tisse.
246 3360 315 3403 cnm
339 3362 404 3420 aaa
427 3342 463 3404 in
485 3343 615 3405 arietem
637 3344 778 3404 rnrdatns
800 3362 873 3405 con·

128 3446 250 3523 certarit,
269 3468 308 3510 ee
331 3468 396 3527 qna
420 3449 506 3511 aries
529 3446 758 3530 chrpsomallas
776 3452 873 3511 natas

127 3557 183 3616 est.

1105 539 1188 607 cod.
1213 539 1482 626 Frisingensis

1236 666 1251 729 i
1291 716 1298 732 .
1345 716 1351 730 .

967 771 1126 836 Athamas
1142 771 1237 836 Aeoli
1249 669 1344 853 afiliai
1361 774 1472 838 halnrit
1489 794 1529 838 er:
1541 772 1665 838 Nebula

922 899 1020 942 ‘iecore
1033 877 1137 957 filiam
1146 879 1304 944 Phrioemn
1317 885 1346 944 et
1359 881 1464 960 tiliam
1472 879 1587 945 Hellen
1598 931 1605 944 .
1618 930 1624 945 .
1637 930 1644 945 .
1657 930 1664 945 .

967 986 1029 1050 fab.
1054 987 1082 1050 2.
1124 1008 1181 1050 rea
1211 986 1356 1068 facinore
1386 989 1510 1069 capa-ito
1537 1009 1666 1053 risorem

923 1112 1015 1156 snam
1030 1092 1089 1157 Ino
1104 1098 1133 1156 et
1145 1093 1250 1173 filiam
1263 1095 1331 1159 eins
1345 1094 1530 1161 Melicerten
1544 1094 1666 1161 Phr-im

924 1200 1046 1265 dedidit
1069 1200 1238 1265 rrecaralos.

968 1307 1031 1371 fab.
1046 1308 1074 1371 3.
1095 1307 1236 1373 Plaians
1250 1313 1279 1372 et
1297 1308 1558 1375 inficetissime
1572 1332 1594 1374 a
1608 1310 1665 1375 Li-

924 1415 995 1478 hero
1011 1414 1127 1478 obiecta
1142 1436 1212 1478 cnm
1224 1416 1260 1480 in
1274 1416 1356 1480 siloa
1370 1421 1526 1495 errarent,
1541 1416 1666 1482 Nehnla

923 1526 1026 1584 dieder
1048 1543 1083 1585 eo
1102 1522 1221 1585 dicitnr
1237 1524 1357 1586 oenisse
1375 1527 1404 1587 et
1423 1525 1553 1588 arietem
1570 1526 1665 1589 inan·

926 1634 1031 1692 rata-m
1054 1629 1228 1692 acldnnisse
1246 1628 1389 1708 Neptuni
1411 1634 1440 1694 ct
1461 1630 1667 1711 Tlieophanes

924 1735 1027 1815 tiliam
1046 1757 1175 1816 eamque
1194 1740 1288 1800 raetos
1305 1757 1379 1800 snos
1393 1737 1559 1802 asecralere
1575 1739 1666 1802 inssit

925 1847 954 1906 et
976 1841 1104 1906 Colchos
1128 1842 1173 1904 ad
1191 1864 1293 1924 repern
1311 1843 1442 1906 Aeetam
1460 1844 1545 1908 Solis
1562 1843 1667 1924 filiam

925 1950 1065 2013 transire
1089 1949 1192 2029 ibique
1215 1951 1345 2012 arietem
1364 1950 1469 2013 Menti
1491 1951 1665 2016 inmmlare.

925 2057 972 2119 ita
996 2055 1114 2119 dicitnr
1136 2077 1200 2119 esse
1222 2055 1353 2136 factam.
1382 2078 1444 2137 qno
1467 2078 1537 2121 cnm
1559 2080 1666 2123 ascen-

926 2162 1045 2226 dissent
1068 2166 1097 2225 ct
1121 2164 1206 2226 aries
1224 2183 1275 2227 eos
1292 2164 1329 2227 in
1341 2163 1478 2245 pelapas
1496 2163 1667 2241 detulisset,

925 2267 1017 2333 Helle
1035 2270 1073 2332 de
1092 2270 1191 2333 ariete
1205 2270 1332 2345 (decidit,
1350 2291 1389 2333 coc
1403 2291 1465 2353 qno
1480 2270 1667 2352 Hellespon·

925 2381 992 2440 tarn
1017 2375 1154 2457 pelapns
1186 2380 1232 2440 cst
1263 2375 1469 2455 adpellatnm.
1512 2377 1668 2442 Phriaam

926 2488 1031 2547 autom
1059 2482 1189 2550 Colchos
1211 2482 1333 2546 ‹letalit
1371 2483 1416 2547 ihi
1438 2484 1553 2548 aratris
1569 2505 1668 2565 prae·

926 2592 1023 2671 ceptis
1049 2591 1180 2653 arietent
1205 2588 1381 2654 innnolaeit
1397 2589 1574 2672 pallamque
1600 2592 1668 2655 eins

928 2699 1114 2761 inornatam
1129 2697 1163 2759 in
1176 2696 1289 2776 templo
1299 2697 1423 2760 Martis
1432 2699 1551 2778 posnit.
1571 2719 1668 2779 qaam

925 2808 1069 2867 ser-eante
1087 2803 1225 2867 dracone
1244 2825 1268 2868 e.
1280 2825 1310 2883 p.
1321 2823 1347 2866 s.

970 2911 1112 2975 attat.
1130 2909 1509 2992 Ilieophanchsaltidis
1532 2908 1591 2974 dia
1600 2909 1668 2991 for·

925 3018 1112 3082 nrosissirna.
1131 3017 1215 3080 hane
1228 3038 1298 3080 cnm
1306 3017 1419 3097 plnres
1427 3018 1668 3097 proeipetercat

926 3146 947 3188 a
961 3128 1068 3204 patre,
1085 3123 1253 3203 Neptanns
1270 3122 1429 3187 snhlatarn
1448 3123 1615 3188 transtulit
1635 3125 1669 3188 in

925 3231 1066 3296 insolam
1089 3230 1350 3315 (thannan)
1380 3230 1465 3310 qnod
1489 3251 1558 3294 crim
1577 3232 1670 3310 proci

926 3360 995 3403 earn
1016 3339 1146 3402 scissent
1163 3337 1208 3400 ihi
1226 3338 1359 3413 morari,
1382 3359 1463 3400 rrcree
1482 3342 1669 3416 comparata

930 3442 1124 3509 Orant-issam
1144 3444 1328 3508 contendere
1346 3449 1521 3525 coeperant.
1549 3442 1668 3525 Neptn-

925 3573 987 3616 nas
1005 3556 1040 3615 at
1057 3572 1109 3615 eos
1122 3551 1284 3631 deciperet,
1308 3550 1517 3632 theophanen
1537 3552 1571 3615 in
1585 3572 1669 3616 orem

926 3659 1126 3724 comrnataoit
1140 3658 1412 3738 fornrosissirnain,
1431 3661 1498 3739 ipse
1511 3662 1617 3723 aretem
1633 3660 1669 3723 in

926 3769 1158 3845 arieterncas.
1176 3815 1182 3827 .
1204 3814 1211 3826 .
1232 3814 1239 3827 .
1258 3765 1325 3844 ipse
1339 3770 1444 3829 antem
1457 3770 1492 3829 at
1505 3767 1670 3830 etmarias

220 4069 253 4133 Μ)
272 4069 388 4122 insania
411 4086 430 4121 a
453 4067 554 4121 Lrhero
579 4068 683 4134 adfati
705 4069 803 4139 scripsi
828 4070 895 4124 conl.
916 4068 1099 4138 Frisingensi:
1127 4068 1243 4122 insanie
1267 4065 1367 4121 Libero
1386 4068 1474 4135 effecti
1491 4067 1516 4122 S.
1536 4069 1634 4124 naam
1651 4089 1669 4125 a

129 4158 230 4211 Lrhero
249 4159 337 4224 effecti
354 4161 380 4228 β.

219 4248 252 4296 ’8)
272 4247 424 4314 Helicnqnc
442 4247 549 4316 scripsi.
579 4247 724 4314 Helicaone
743 4250 767 4303 S.
796 4248 896 4302 Hellen-
914 4265 1035 4316 narisque
1052 4251 1078 4319 β.

220 4336 253 4397 ⁴²⁹)
272 4337 368 4390 sedens
382 4338 406 4390 S.
422 4337 546 4389 inanem
560 4337 591 4391 U.
620 4337 755 4390 sedentem
775 4338 940 4408 Breysigius,
960 4348 990 4390 ut
1009 4337 1078 4391 solet
1098 4336 1326 4390 constructioncm
1348 4336 1490 4389 verborum
1511 4338 1553 4390 vel
1574 4346 1669 4392 contra

129 4427 261 4481 librorum
289 4426 482 4480 auctoritatem
509 4425 651 4495 ipsiusque
679 4427 822 4495 scriptoris
851 4428 1017 4480 voluntatem
1047 4427 1202 4480 restituere.
1245 4434 1366 4480 ceterum
1395 4426 1467 4480 unde
1496 4427 1546 4480 hoc
1574 4427 1669 4480 sedens

129 4515 242 4569 fluxerit
261 4514 361 4569 neseio.

220 4604 252 4667 ³⁰)
270 4604 430 4671 praefata-'m
451 4605 562 4657 arietem
581 4606 598 4658 S
619 4621 652 4658 ex
673 4606 701 4658 B.
719 4610 892 4672 praeparato
917 4606 1000 4658 aridi
1022 4604 1045 4657 U
1071 4603 1217 4658 manifesta
1242 4604 1462 4673 interpolatione.
1490 4604 1521 4656 in
1537 4603 1668 4671 praefato

130 4694 217 4745 ceriete
234 4697 259 4763 β.

220 4783 252 4843 ³¹)
275 4783 452 4851 Theophane:
474 4783 663 4850 llrcnphanen
681 4786 707 4836 S.

221 4871 254 4936 ³²)
275 4872 442 4925 Crumissam
461 4888 495 4926 ex
514 4876 596 4941 κριοῦ
616 4877 699 4940 νῆσος
719 4882 874 4941 corruptum
895 4888 955 4927 csse
975 4873 1102 4926 viderunt
1122 4873 1290 4926 Munckcrus
1310 4881 1338 4925 ct
1357 4870 1507 4925 Bursinnus
1526 4870 1554 4925 in
1568 4871 1668 4925 Emen-

130 4961 288 5015 datioaibus
308 4962 470 5031 Hyginianis
489 4963 586 5027 denso
607 4962 692 5017 nnn.

1406 5050 1457 5104 14*
