3894 5708
354 406 453 459 Sciron.
474 405 567 459 Gonu.
588 404 620 459 G.
639 422 665 473 p.
686 405 745 469 148,
767 406 807 459 17.

295 584 402 650 Habet
429 588 536 676 nutem
564 583 672 649 stellas
699 583 731 648 iu
760 585 891 668 singulis
914 610 949 651 u-

251 692 347 758 meris
365 691 514 776 singulos,
532 691 566 755 in
580 712 676 756 manu
690 692 802 756 dextra
815 694 949 758 nitidam

251 822 361 877 unam,
384 800 416 863 iu
441 821 536 864 manu
559 799 688 865 sinistra
709 820 817 876 unani,
841 800 872 863 iu
897 823 950 865 ou·

251 908 320 973 bito
343 906 472 973 sinistro
494 928 598 981 unum,
621 907 654 970 in
673 906 828 991 Gorgonis
847 908 949 991 capito

224 1024 357 1090 onnam,
376 1000 414 1077 in'
428 1021 536 1078 ventre
553 1036 658 1090 unam,
676 1014 709 1078 iu
728 1014 841 1079 dextro
859 1022 949 1097 parte

251 1121 431 1186 lumborum
463 1121 597 1185 nitidam
629 1143 736 1198 unam,
773 1123 805 1185 iu
838 1122 949 1186 dextro

253 1229 371 1294 semoto
393 1228 529 1292 nitidam
551 1248 659 1305 unam,
685 1229 718 1292 iu
741 1252 823 1312 genu
846 1250 949 1305 unam,

251 1337 284 1401 in
303 1336 431 1400 sinistro
448 1334 530 1400 tibia
554 1335 642 1412 duas,
665 1337 713 1421 (in
731 1338 811 1420 pedo
830 1339 948 1422 unam,)

252 1443 285 1507 in
318 1443 474 1527 Gorgonis
506 1442 646 1508 crinibus
678 1452 756 1520 tres,
792 1445 824 1507 in
857 1446 948 1528 (dex-

209 1551 336 1636 10toru)
368 1549 448 1615 tibia
475 1571 583 1627 unam,
615 1551 647 1614 in
675 1550 803 1616 sinistro
831 1551 949 1615 femoro

252 1679 361 1735 unam,
393 1659 424 1721 in
457 1658 585 1722 sinistro
613 1679 695 1741 genu
722 1680 825 1725 unam.
875 1665 948 1722 sunt

252 1765 285 1830 in
317 1786 439 1829 summa
470 1764 601 1828 XVIIII.
652 1773 747 1849 caput
779 1771 885 1831 outoni
917 1771 948 1829 ot

252 1870 317 1935 falx
340 1871 459 1953 absque
481 1873 578 1937 astris
600 1880 681 1937 sunt.

243 2815 294 2871 sin
310 2832 390 2869 manu
405 2815 517 2869 sinistra
531 2832 612 2869 unani
628 2832 679 2868 om.
698 2815 730 2868 G.
759 2815 859 2868 habeut
874 2813 947 2868 Sau-

201 2905 347 2975 9alleuses.
411 2922 424 2959 4
443 2904 553 2958 sinistro
571 2905 683 2972 ocrr'psr':
702 2905 798 2959 dextro
819 2903 851 2957 G.
881 2904 947 2957 alte·

203 2994 269 3048 rins
283 2992 474 3062 Sanyallenu's
493 3000 629 3046 corrector
648 2992 761 3046 addidit
775 2998 839 3060 post
853 3008 947 3046 unam:

203 3083 235 3137 in
260 3083 353 3136 cubito
378 3081 488 3137 sinistro
513 3098 606 3146 unam,
631 3098 703 3149 quoe
725 3086 820 3152 finon
839 3081 950 3135 debebat

202 3174 238 3226 in
256 3177 361 3225 textu-m
379 3172 504 3239 renuere.
578 3171 632 3227 uin
652 3172 722 3239 pedo
741 3187 823 3224 unam
842 3176 867 3224 et
886 3186 949 3224 mon

201 3278 218 3318 o
237 3261 354 3315 dextero
373 3260 479 3314 addidi.

1248 404 1380 459 Hrorrurs
1399 404 1448 469 ΙΙΙ,
1469 407 1510 460 ll.
1683 404 1745 470 133

1048 584 1154 649 Habet
1194 590 1300 649 nutem
1341 583 1374 647 in
1417 589 1550 675 utroque
1591 605 1699 649 umero

1003 693 1125 758 stollam
1156 692 1184 768 Ι,
1215 692 1248 755 in
1280 713 1374 755 manu
1402 690 1514 755 dextra
1541 690 1624 755 oIaro
1652 692 1699 755 lu-

1003 805 1125 865 centem
1153 800 1168 863 Ι
1200 822 1264 882 qua
1296 797 1408 864 falcem
1439 804 1547 863 tenore
1575 798 1699 875 dieitur,

1003 928 1065 989 quo
1085 908 1149 971 tolo
1165 906 1313 991 Gorgona
1331 906 1504 979 intoi·Iooit;
1524 905 1555 967 in
1571 906 1700 970 sinistra

1002 1015 1147 1090 altorum,
1180 1037 1241 1097 qua
1274 1020 1369 1097 caput
1402 1013 1558 1095 Gorgonis
1590 1020 1699 1078 tenore
1726 1022 1743 1076 5

1003 1122 1208 1186 existimatur.
1254 1120 1350 1185 habet
1369 1125 1533 1204 praetereo
1556 1120 1602 1204 (in
1622 1120 1698 1184 siui-

1002 1236 1068 1293 stro
1091 1228 1198 1293 cubiIo
1221 1228 1260 1307 1,)
1283 1228 1316 1291 iu
1340 1235 1448 1292 ventre
1471 1226 1595 1291 stollam
1619 1227 1643 1302 Ι,
1666 1228 1699 1290 in

1003 1335 1116 1400 lumbis
1148 1337 1292 1410 aiteram,
1325 1336 1357 1398 in
1390 1335 1501 1399 dextro
1530 1335 1647 1398 femore
1674 1334 1699 1410 I,

1002 1443 1034 1507 iu
1061 1464 1142 1525 genu
1167 1443 1194 1518 Ι,
1222 1443 1254 1506 iu
1283 1442 1363 1506 tibia
1386 1443 1414 1517 1,
1442 1443 1475 1506 in
1498 1442 1578 1524 podo
1601 1441 1616 1504 I
1639 1441 1697 1504 ob-

1001 1572 1134 1626 scuram,
1152 1551 1184 1613 in
1204 1551 1331 1615 sinistro
1351 1548 1466 1613 somine
1482 1548 1505 1625 Ι,
1524 1549 1601 1612 otiu
1616 1558 1743 1631 genulo

1001 1657 1143 1733 alteram,
1167 1658 1200 1721 iu
1223 1655 1304 1721 tibia
1321 1656 1364 1732 II,
1386 1655 1419 1720 in
1443 1656 1572 1720 sinistra
1593 1677 1697 1732 manu,

1001 1766 1085 1846 quod
1115 1764 1270 1847 Gorgonis
1298 1767 1392 1846 caput
1419 1768 1561 1838 vocatur,
1592 1762 1699 1826 stollas

1002 1870 1080 1939 IIII:
1122 1871 1249 1935 omniuo
1287 1877 1335 1935 est
1373 1869 1533 1935 stellarum
1566 1868 1698 1933 XVIIII.

1001 1983 1095 2061 caput
1123 1979 1190 2042 eius
1219 1983 1251 2043 et
1279 1977 1343 2042 falx
1370 1977 1437 2042 sino
1460 1976 1617 2041 sideribus
1640 1977 1697 2040 ad-

1000 2092 1120 2168 parent.
1709 2091 1743 2145 15

1037 2834 1057 2871 a.
1080 2832 1091 2869 Ι
1111 2815 1139 2868 n
1159 2813 1270 2868 sunno
1290 2786 1532 2867 subinianus
1592 2829 1617 2866 ω
1638 2811 1743 2867 xvuu

1008 2905 1035 2957 ν.
1075 2904 1156 2957 xuu
1175 2902 1208 2956 n.
