3894 5708
1621 355 1687 420 215

341 534 424 600 cod.
448 533 701 598 Strozzianus,
1132 532 1215 598 Cod.
1239 533 1506 615 Frisingensis.

149 659 284 738 coepisse
310 679 472 741 causaque
500 658 704 738 cctinpnencii
731 658 894 721 arrioersos
946 657 1105 738 Pyrrham
1118 663 1146 720 ot
1155 657 1388 720 honorationem.
1408 661 1443 720 ot
1453 678 1576 722 sorores
1588 658 1687 723 Phae-

150 786 258 830 enims
265 768 414 830 inmissos
427 766 538 850 essc⁴⁵)
554 785 702 844 omreeqne
710 766 894 829 mortali-uns
946 766 1075 842 thontis,
1096 764 1182 845 proed
1198 785 1294 845 equos
1311 765 1437 828 ini-assu
1450 766 1561 844 patris
1578 767 1688 830 innac-

148 893 247 954 penns
273 875 418 938 interisse
439 877 568 953 praeter
592 870 731 954 Pprranr
753 876 782 935 et
805 871 892 936 Den-
946 877 1023 936 narrt
1041 874 1076 935 in
1095 873 1224 935 arbores
1232 870 1370 952 populos
1384 876 1590 936 eorrnnutotae
1604 877 1686 936 sunt.

149 979 310 1044 cntionem.
357 999 480 1044 sorores
521 999 645 1061 qaroqne
685 978 894 1043 Phaethontis
1237 978 1299 1043 feb.
1327 979 1397 1042 154.

147 1084 258 1164 flentes
271 1088 307 1150 in
322 1088 451 1152 arbo-res
455 1086 595 1168 populos
604 1107 715 1150 ocorsoc
728 1086 836 1167 fnisse.
847 1086 891 1171 46)
992 1136 999 1148 .
1021 1136 1027 1149 .
1047 1107 1171 1150 sorores
1189 1091 1294 1149 aretem
1310 1085 1525 1161 Plruethontis‚
1545 1087 1620 1149 dorm
1637 1087 1687 1149 in-

149 1193 301 1258 lacrimae
346 1214 471 1275 qnoqrre
516 1214 627 1257 earum
670 1194 707 1256 in
746 1193 892 1257 electrum
945 1194 1073 1256 teritum
1101 1192 1215 1270 ornem
1239 1192 1371 1273 fratr-is,
1398 1194 1435 1256 in
1462 1193 1591 1256 arhores
1614 1197 1688 1256 sum

149 1300 288 1364 dicretae
315 1301 476 1378 dicuntur,
506 1299 720 1380 Heliadcsqnc
748 1299 891 1378 adpella-
940 1298 1078 1380 populos
1115 1321 1230 1362 corsae.
1274 1300 1388 1362 harum
1419 1299 1615 1380 lachrymae,
1652 1304 1688 1362 nt

149 1411 208 1471 tae.
232 1408 321 1488 ipsas
338 1413 443 1472 autem
457 1409 588 1471 nantino
602 1406 748 1470 traiecisse
760 1407 893 1486 Merope
945 1405 1105 1470 Hesiodus
1122 1407 1256 1481 irrui-icat,
1278 1407 1311 1469 in
1329 1406 1475 1469 electrum
1494 1411 1568 1470 sunt
1588 1407 1688 1470 dirra-

149 1513 241 1578 Helie
270 1513 368 1595 Aepie
401 1514 564 1594 Lornpetie
595 1513 715 1578 Phoehc
747 1513 892 1577 Aetherie
945 1520 1011 1591 tue,
1044 1513 1197 1577 Heliades
1228 1517 1334 1576 tamen
1360 1515 1577 1577 nominentur.
1614 1518 1688 1578 scint

148 1620 376 1702 Dioaippefl)
413 1621 543 1703 Opprcrcs
561 1642 693 1702 areop-nc,
717 1642 774 1684 rea
792 1620 891 1704 Lipa-
945 1627 1049 1686 (rectem
1069 1621 1215 1700 Merope,
1238 1620 1345 1695 Helio,
1369 1620 1481 1701 neore,
1505 1620 1687 1701 Lampetie,

148 1728 232 1803 ricc,
266 1727 455 1793 Phaethonti
478 1729 698 1809 propinqum,
731 1728 807 1791 (inm
838 1727 890 1791 etc·
947 1728 1099 1804 Phoebea,
1117 1727 1257 1803 Etherie,
1277 1726 1448 1807 Dioxippe.
1482 1726 1611 1809 Cyprius
1629 1749 1687 1791 arr·

148 1834 246 1913 tieret,
271 1840 301 1899 et
322 1836 378 1900 iile
395 1838 431 1900 in
449 1856 583 1918 cppnrcnr
600 1856 775 1899 conversus.
808 1835 890 1915 ism)
944 1840 1019 1911 tem,
1049 1856 1105 1898 ren
1129 1834 1296 1914 trinacriae,
1325 1836 1382 1913 orei
1408 1835 1472 1915 fuit
1497 1833 1688 1899 Phaethonti

149 1963 273 2024 quoqne
295 1943 433 2006 moriens
458 1942 560 2022 flehite
582 1943 678 2005 canit.
940 1943 1158 2023 propinquus,
1186 1940 1262 2002 utrem
1285 1940 1377 2020 delict
1395 1941 1687 2021 propinquamur

945 2070 1079 2131 cpprcrcnr
1096 2068 1262 2111 eorrrrersus
1280 2052 1334 2111 est.
1364 2049 1391 2111 is
1410 2068 1533 2128 quoqne
1551 2048 1688 2112 moriens

944 2155 1046 2235 flehite
1064 2156 1161 2220 canit

352 2280 397 2344 VI
421 2303 450 2365 p.
478 2282 549 2357 178,
574 2281 687 2344 2-6.
1237 2277 1299 2342 seb.
1326 2279 1397 2343 138.

198 2386 377 2453 Centaurus
396 2387 514 2453 dicitnr
533 2388 670 2453 Saturni
687 2391 718 2449 ct
736 2385 891 2466 Phitpruc
988 2384 1151 2452 Saturnius
1190 2386 1294 2449 Iovem
1331 2405 1400 2448 eum
1436 2391 1600 2465 qrraereret
1626 2408 1688 2468 per

147 2494 244 2576 rit-ius.
267 2494 376 2579 urrist)
395 2494 557 2559 Saturnus
576 2516 645 2559 enin
664 2493 768 2557 Iovem
787 2492 891 2573 htirnn
945 2498 1063 2570 terras,
1089 2493 1122 2557 in
1148 2491 1289 2557 Thracia
1317 2512 1386 2555 cnm
1410 2491 1546 2575 Philyra
1572 2492 1688 2560 Oceani

149 2606 323 2682 arracreret,
347 2603 382 2666 in
408 2602 548 2667 thracia
571 2621 640 2665 crim
658 2599 796 2681 Phitpra
819 2598 891 2664 Oee-
944 2600 1017 2682 litia
1035 2601 1071 2663 in
1090 2621 1204 2681 emi-orm
1221 2619 1388 2663 eon-versas
1406 2600 1587 2679 concubuit;
1605 2623 1687 2684 quac

148 2710 207 2771 ani
228 2710 315 2790 fitia,
343 2710 379 2772 in
406 2730 520 2790 eqrrrnn
546 2728 655 2772 eersns
678 2708 796 2770 dicitnr
818 2728 890 2771 con-
945 2729 983 2772 ac
1005 2729 1039 2772 co
1056 2708 1182 2787 peperit
1208 2704 1374 2770 Chironem
1400 2704 1607 2784 Centaurum,
1631 2710 1688 2789 qai

148 2815 289 2879 cnhrrr‘sse
316 2819 344 2879 et
371 2837 410 2880 ce
436 2837 473 2879 ca
506 2814 674 2881 Chironem
699 2812 891 2878 0111111111
945 2820 1044 2878 cirtem
1067 2815 1220 2878 irredieam
1241 2813 1365 2893 prinms
1383 2814 1539 2878 invenisse
1559 2816 1685 2879 dicitnr.

147 2927 259 2985 natium
273 2924 357 2986 artis
369 2922 543 2987 erraticinae
556 2923 758 2997 inmemorem,
771 2922 890 3001 ipsane-
943 2921 1082 3004 Pompa
1100 2925 1274 3002 pastoriam
1297 2923 1487 2985 inusitatam
1507 2923 1639 3002 speeiem
1656 2942 1687 2985 se

148 3048 208 3108 quc
225 3030 262 3092 in
280 3029 424 3093 arborem
437 3030 614 3111 phitonem,
637 3030 695 3093 hoc
712 3032 756 3092 cst
775 3027 890 3104 tiliam,
939 3030 1101 3108 peperisse
1128 3029 1222 3105 cidit,
1246 3029 1327 3107 petit
1355 3029 1395 3092 ab
1418 3028 1507 3104 looc,
1537 3033 1571 3091 nt
1597 3050 1629 3092 se
1651 3029 1688 3092 in

147 3155 211 3199 esse
233 3156 364 3200 ansam.
944 3136 1090 3216 rrtiqnam
1121 3136 1251 3215 speciem
1284 3139 1502 3213 comnmtaret;
1539 3156 1621 3217 arrae
1651 3137 1687 3199 in

944 3244 1088 3306 (irhorenr
1105 3243 1285 3324 philyram,
1313 3243 1370 3306 hoc
1392 3246 1436 3307 est
1460 3241 1577 3322 titiam,
1606 3263 1686 3307 com·

943 3353 1069 3413 eructata
1092 3354 1146 3413 est.

237 3471 334 3538 Vides
358 3478 543 3538 concentum
566 3476 598 3538 iu
621 3475 759 3559 quinque
783 3477 950 3558 postremis
973 3475 1170 3558 potissimum
1193 3473 1307 3539 fabulis
1330 3479 1396 3538 tam
1419 3474 1591 3558 perfectum
1611 3497 1687 3553 esse,

145 3583 184 3642 ut
210 3578 259 3643 vel
286 3580 365 3644 vitiu
388 3579 568 3645 Strozziauo
596 3605 667 3646 eum
695 3583 889 3665 Frisingensi
918 3582 1095 3646 eommunia
1123 3582 1200 3659 sint;
1227 3602 1300 3646 uam
1328 3581 1361 3645 iu
1389 3587 1522 3665 utreque
1548 3581 1630 3647 libro
1654 3583 1687 3648 iu

145 3684 209 3752 tab.
230 3685 261 3750 II
284 3686 428 3752 Corinthi
452 3710 507 3753 rex
527 3688 713 3770 Pyranthus
735 3695 865 3754 roratur
884 3712 940 3773 pro
967 3687 1165 3766 Periandro,·
1186 3709 1244 3753 uec
1262 3690 1364 3753 minus
1387 3693 1519 3772 uterque
1538 3690 1570 3754 in
1589 3688 1651 3755 fab.
1671 3689 1686 3755 I

146 3793 282 3857 nominis
306 3799 489 3871 monstrum,
512 3797 595 3878 quod
619 3804 667 3861 est
691 3796 864 3873 Crnnrissa,
888 3795 1028 3880 praebet,
1051 3796 1084 3860 in
1108 3816 1168 3879 quo
1192 3802 1289 3879 κριοῦ
1312 3802 1416 3882 νῆσον
1440 3797 1538 3861 latere
1562 3797 1686 3881 egregie

145 3899 437 3966 animadverterunt
455 3901 645 3967 Munokerus
670 3908 701 3967 et
720 3903 900 3967 Bursiauus
932 3924 1034 3986 neque
1057 3909 1164 3966 temen
1187 3923 1267 3979 eum,
1291 3904 1345 3985 qui
1367 3903 1486 3968 scholio
1504 3902 1687 3969 Strozniena

145 4014 360 4090 componeret,
387 4009 455 4092 ipso
483 4009 565 4074 libro
593 4009 785 4093 Frisiugeusi
812 4032 904 4075 usum
931 4031 999 4075 esse
1026 4008 1119 4075 facile
1147 4009 1348 4085 crediderim
1376 4030 1448 4074 narn
1475 4008 1542 4087 ille,
1569 4011 1596 4076 si
1624 4032 1687 4096 qua

145 4113 273 4198 Micyllo
296 4114 384 4193 fides,
407 4116 440 4180 in
463 4114 525 4180 sab.
545 4115 577 4181 11
598 4116 752 4182 Arionem
774 4117 927 4192 habebat3
949 4118 1033 4201 quod
1056 4137 1172 4182 nomen
1195 4117 1221 4181 si
1245 4115 1497 4182 Strozzieuorum
1520 4123 1631 4183 auctor
1653 4120 1687 4183 in

145 4241 202 4286 suo
229 4220 347 4304 Hygini
375 4223 518 4306 exemplo
545 4225 727 4302 invenisset,
755 4229 841 4290 certo
868 4246 931 4289 non
958 4224 1016 4289 sub
1045 4224 1175 4301 Orione,
1203 4224 1257 4287 sed
1286 4222 1344 4287 sub
1367 4223 1517 4307 delphino
1546 4223 1686 4290 tabulam

144 4328 310 4412 posuisset.
342 4336 509 4412 praeterea
535 4352 759 4415 nonuunquam
787 4331 986 4398 Strozzianus
1014 4331 1079 4396 alia
1105 4336 1150 4408 et,
1178 4330 1240 4396 uisi
1268 4331 1394 4415 egregie
1422 4330 1529 4408 fallor,
1555 4331 1687 4431 meliora

236 4576 269 4641 ⁴⁵)
287 4578 420 4631 inimissos
438 4594 493 4631 esse
511 4578 542 4633 U.
564 4580 697 4633 incurrisse
715 4581 740 4635 S.

236 4666 269 4729 ⁴⁶)
287 4682 382 4720 versae
399 4666 486 4732 fnisse
503 4670 536 4737 βε
554 4686 634 4722 uersa
651 4668 770 4734 fuissem
789 4670 814 4724 S.

235 4756 269 4821 ⁴²)
288 4755 420 4824 Merophc
439 4757 487 4810 elie
506 4756 561 4826 epte
578 4757 706 4827 Ipactam
720 4759 794 4827 petie
808 4758 893 4826 phebe
912 4757 1009 4812 etherio
1029 4757 1160 4828 dionippc
1178 4760 1203 4813 S.
1225 4774 1292 4812 eorr.
1313 4758 1564 4813 Merksehetfelius.

236 4844 269 4909 ⁴⁸)
287 4846 311 4899 ie
330 4845 571 4901 Merkseheffeiius
591 4853 619 4901 et
638 4847 810 4918 Breysigius:
829 4846 861 4901 iri
879 4848 904 4902 S.

236 4934 270 4999 ⁴⁹)
289 4936 338 5003 qni
355 4936 381 4990 S.
401 4937 470 5002 qaia
488 4936 520 4991 U.
