3900 5706
406 348 506 406 Senon.
525 349 617 401 Genu.
638 348 668 402 G.

1160 338 1335 402 'llnomus
1354 349 1388 413 ll,
1407 349 1450 403 27.
1541 333 1544 337 ¹
1634 349 1697 415 153

957 528 1091 610 sagittas
1104 526 1294 603 adimixissa
1312 533 1348 592 ut
1362 548 1400 591 ex
1413 526 1463 592 his
1477 531 1510 592 et
1523 548 1653 592 acumen

959 640 991 700 et
1008 635 1153 700 colentes
1172 633 1239 699 oins
1257 634 1430 711 videretur3
1454 634 1585 718 eandam
1604 656 1653 700 sa-

957 743 1090 828 tym'oam
1118 743 1151 806 in
1178 762 1308 825 torpore
1335 739 1452 818 fixisse,
1480 741 1564 827 quod
1590 741 1654 807 iam

900 863 905 873 “
958 872 1021 916 non
1042 850 1146 915 minus
1169 848 1229 915 hoe
1247 847 1365 926 Musae,
1387 871 1482 933 quam
1498 849 1594 914 Liber
1611 849 1655 914 sit

451 2365 477 2417 p.
499 2349 557 2413 159,
578 2349 618 2403 13.

254 2457 359 2522 Habet
380 2453 485 2521 autem
508 2455 615 2520 stollas
636 2455 669 2520 in
688 2456 791 2538 eapite
809 2453 851 2531 ΙΙ,
874 2455 905 2518 in

166 2574 201 2627 20
210 2585 285 2628 arou
294 2563 336 2641 ΙΙ,
350 2565 382 2628 in
397 2562 539 2629 acumine
553 2562 687 2646 sagittae
696 2561 736 2638 ΙΙ,
752 2561 785 2624 in
795 2561 906 2627 dextro

209 2670 315 2736 cubito
339 2671 363 2747 Ι,
390 2671 423 2734 in
447 2670 556 2734 eadem
579 2690 672 2734 manu
696 2668 721 2745 l,
744 2669 776 2734 in
798 2674 906 2733 ventro

210 2777 327 2842 claram
345 2777 370 2854 Ι,
392 2778 425 2840 in
444 2777 535 2860 spina
552 2775 593 2854 ΙΙ,
616 2776 673 2842 sub
693 2776 793 2840 eesuda
811 2775 851 2852 H,
874 2777 907 2839 in

209 2883 419 2950 anterioribus
455 2883 588 2966 genibus
623 2884 770 2966 singulas.
833 2888 907 2947 sunt

209 3012 315 3055 omnes
338 2991 404 3056 XV.

164 3107 200 3160 25
252 3098 351 3181 (quoe
386 3102 541 3175 secessus,
577 3120 614 3162 ex
647 3096 713 3161 BP
750 3097 908 3177 deserspta

208 3224 271 3268 esse
293 3204 465 3292 videnlur.)

201 3825 277 3881 Dedi
293 3844 327 3880 aa
345 3827 374 3881 S.
393 3845 443 3882 om.
465 3827 497 3881 G.
807 3838 814 3873 l

200 3934 226 3971 ss
240 3918 290 3970 sub
305 3918 392 3971 cauda
407 3918 434 3971 ΙΙ
449 3917 558 3972 debebat
573 3919 622 3972 snb
637 3917 758 3973 candal.
801 3936 825 3973 aa
843 3923 906 3985 post

163 4007 286 4073 singulas
305 4007 421 4060 excidet:
440 4006 467 4060 in
487 4008 556 4075 pode
577 4009 596 4061 Ι.

161 4718 190 4771 in
210 4716 314 4785 poplite
333 4718 346 4770 l
365 4718 441 4784 abra
458 4717 534 4784 quod
551 4718 583 4770 πί
599 4717 685 4782 fallor
703 4719 834 4786 plossemo
852 4726 897 4771 est.

958 958 1139 1023 delectatus.
1680 965 1698 1017 5

1184 2378 1186 2383 ·
1281 2350 1315 2414 ΙΙ,
1334 2349 1376 2403 26.

1004 2456 1110 2521 Habet
1131 2464 1237 2522 antem
1260 2459 1292 2520 in
1311 2457 1415 2539 eapite
1432 2456 1541 2520 stellas
1559 2456 1600 2532 ΙΙ,
1623 2457 1655 2519 in

959 2586 1034 2629 arou
1052 2563 1083 2627 ΙΙ
1115 2564 1148 2628 in
1171 2565 1288 2647 sagitta
1305 2563 1345 2640 11,
1368 2564 1400 2626 in
1420 2563 1530 2628 dextro
1549 2562 1701 2627 cubitoao

960 2670 988 2747 Ι,
1015 2672 1048 2734 in
1075 2692 1170 2734 manu
1196 2670 1301 2753 priore
1323 2670 1352 2746 l,
1380 2671 1412 2733 in
1436 2675 1544 2734 ventre
1567 2669 1596 2747 Ι,
1623 2671 1655 2732 in

960 2777 1174 2860 interscapilio
1197 2776 1243 2852 ΙΙ,
1265 2776 1297 2841 in
1321 2777 1422 2841 cauda
1444 2776 1472 2853 Ι,
1495 2777 1655 2860 inpriore

959 2906 1042 2968 genu
1060 2884 1084 2961 I,
1107 2885 1139 2948 in
1162 2884 1242 2967 pedo
1261 2883 1285 2960 Ι,
1308 2884 1341 2948 in
1363 2884 1510 2949 inferiore
1529 2905 1612 2967 genu
1632 2882 1655 2946 l.

960 2992 1085 3056 omnino
1113 2990 1180 3055 XV.
1224 3011 1341 3055 corona
1369 2996 1473 3055 aulem
1504 2988 1656 3055 (aalma

960 3103 1004 3163 est
1027 3098 1191 3164 stelloraos
1221 3098 1295 3163 VII.
1664 3103 1699 3158 25

994 3846 1006 3883 s
1025 3828 1085 3883 eius
1105 3828 1144 3881 G:
1163 3844 1222 3882 esse
1242 3828 1270 3880 D
1289 3827 1400 3895 aliique.
1477 3844 1490 3882 s
1509 3826 1563 3881 iam
1582 3826 1619 3880 D.
1639 3826 1700 3880 icon

959 3917 993 3971 R.
1030 3935 1081 3971 osa.
1110 3917 1197 3970 ceteri.
1236 3917 1317 3971 Croto
1343 3905 1513 3970 saraam.
1599 3933 1613 3970 a
1639 3922 1702 3983 post

959 4005 1055 4059 Liber:
1079 4005 1179 4074 satyris
1198 4005 1268 4058 labri.
1306 4004 1393 4058 delevi
1410 4006 1533 4072 ineptam
1550 4005 1700 4072 interpola·
1756 4059 1765 4077 ,

959 4095 1067 4148 lebetem.
1094 4094 1225 4146 siluissem
1243 4093 1384 4147 Sositheus
1401 4110 1460 4147 soa
1479 4099 1701 4161 coaetaneum,

959 4183 1058 4250 quesbus
1069 4183 1170 4237 Musae
1178 4189 1314 4250 praesunt
1319 4200 1432 4250 poeseos
1440 4200 1551 4253 penora,
1561 4183 1609 4236 aes
1619 4182 1701 4235 etiam

958 4272 1131 4340 lrapoeeliom
1143 4273 1162 4325 i.
1173 4290 1194 4326 e.
1210 4271 1340 4325 Liberum
1351 4272 1458 4338 plausu
1472 4271 1603 4326 delectori
1616 4270 1703 4336 {tasin

962 4360 1057 4427 itaque
1081 4360 1192 4415 Crotum
1220 4361 1275 4414 sine
1300 4360 1436 4414 Plausum
1464 4361 1548 4415 thiasi
1568 4359 1703 4413 Raecbiea'

960 4450 1066 4518 lusique
1082 4466 1183 4518 perere.

992 4538 1561 4608 aoinsagittallscripsisinsagittallibri.
1603 4537 1701 4592 masin

958 4627 1146 4696 interscapilio
1156 4658 1188 4666 -
1204 4646 1229 4684 ss
1243 4627 1272 4681 in
1287 4628 1358 4696 pede
1373 4628 1385 4681 I
1400 4644 1450 4680 one.
1462 4629 1490 4681 V.
1525 4632 1668 4695 postgenu
1679 4626 1701 4679 l:

989 4733 1014 4771 ss
1034 4717 1083 4772 XV
1099 4716 1142 4769 D.-
1161 4717 1224 4771 llVl
1241 4716 1302 4770 GV.
1323 4731 1422 4770 corona
1436 4747 1470 4756 -
1484 4715 1626 4770 stellarum
1640 4714 1701 4769 Vll.

162 4823 197 4860 es
219 4805 275 4859 alio
296 4806 375 4873 sonte
396 4806 476 4861 babet
498 4806 641 4876 lippinus,
666 4807 716 4873 qui
738 4808 819 4861 etiam
838 4807 929 4861 1127
946 4808 1020 4860 laune
1043 4823 1174 4860 cormeum
1196 4811 1400 4861 commemorat:
1427 4814 1492 4860 ante
1515 4804 1595 4858 huius
1618 4804 1702 4873 pedes

162 4895 261 4949 stellae
279 4902 344 4950 sunt
361 4911 467 4965 paucae
486 4904 514 4950 et
533 4895 561 4949 in
580 4896 694 4950 rotundo
714 4896 891 4962 deformatae,
911 4912 991 4965 quam
1012 4912 1137 4949 eoronam
1157 4894 1216 4950 eius
1234 4902 1265 4949 ut
1284 4895 1404 4950 ludentis
1423 4895 1559 4950 abiectam
1579 4891 1702 4948 nonnulli

161 4983 298 5041 dixerunt.
336 4990 430 5054 aperte
447 4985 557 5040 eaedem
574 4985 676 5053 stellae,
696 4986 795 5054 qubus
812 4985 1008 5041 Eratoubeaes
1026 4985 1106 5039 savis
1124 4984 1245 5056 &wem
1263 4985 1366 5039 tribuit.
