3894 5708
310 1619 455 1683 Breviter
484 1617 561 1682 nihi
593 1617 798 1700 praefandum
826 1623 873 1683 est
908 1618 984 1702 quid
1016 1617 1075 1682 hac
1102 1615 1346 1699 fragmentorum
1373 1615 1566 1681 conlectione
1592 1621 1753 1697 praestare

224 1745 382 1809 voluerim.
418 1743 657 1808 Catasterismos
680 1743 845 1808 restituere
869 1763 1026 1819 conamur,
1048 1765 1111 1807 non
1133 1742 1312 1824 Cataleges3
1335 1739 1512 1824 fragmenta
1534 1740 1640 1823 igitur,
1662 1745 1699 1805 ut
1721 1741 1754 1804 in
1790 1742 1799 1759 '

222 1871 360 1954 quinque
380 1868 442 1933 illis
461 1869 515 1954 qni
533 1869 667 1933 maxime
686 1867 718 1933 in
737 1889 862 1932 censum
876 1870 1005 1933 veniunt
1022 1867 1111 1932 libris
1130 1872 1246 1943 extant,
1264 1868 1310 1931 itu
1328 1866 1477 1933 distincta
1494 1865 1651 1949 proposui.
1678 1864 1755 1928 duo·

222 1993 290 2067 bns,
309 2016 390 2076 tynae
409 2014 446 2058 ex
464 1994 606 2058 Endocia
624 1999 656 2059 et
670 1992 791 2057 Achille
805 1994 896 2057 Tatio
914 1993 1075 2069 accedunt,
1089 1993 1273 2076 fragmentis
1286 1992 1370 2057 inter
1383 1992 1549 2076 Epitomen
1563 1992 1665 2056 locum
1679 1990 1755 2053 dare

222 2117 316 2182 volui.
347 2120 401 2200 qui
420 2127 586 2202 praeterea
604 2117 736 2184 subinde
755 2124 810 2182 aut
829 2118 995 2200 Gataloges
1013 2124 1069 2182 ant
1087 2117 1327 2183 Catasterismos
1344 2117 1457 2202 legisse
1475 2116 1629 2192 videntur,
1646 2120 1755 2200 poetas

223 2250 255 2308 et
282 2244 450 2326 scriptores
478 2245 509 2306 in
538 2241 795 2307 adnotationibus
818 2243 982 2326 Epitomae
1010 2242 1158 2307 subiectis
1185 2243 1334 2319 indicavi,
1362 2242 1515 2328 equibus
1538 2240 1649 2307 Avieni
1672 2241 1756 2322 ipsos

222 2390 330 2433 versus
357 2369 482 2451 saepius
509 2368 666 2452 exscripsi.
712 2390 750 2432 ea
776 2390 857 2451 quae
884 2392 904 2432 a
926 2367 1158 2433 Catasterismis
1185 2368 1289 2432 aliena
1315 2368 1484 2451 scriptores
1512 2367 1586 2450 ipsi,
1613 2365 1756 2449 Hyginus

223 2493 366 2570 maxime,
384 2500 440 2558 aut
458 2494 498 2558 de
516 2450 580 2558 silis
598 2499 654 2558 aut
671 2493 800 2558 aliunde
818 2493 1060 2570 admiscuerunt,
1080 2493 1195 2559 litteris
1213 2493 1371 2558 inclinatis
1389 2493 1533 2566 distinxi;
1551 2493 1577 2556 si
1596 2512 1677 2576 quae
1690 2491 1757 2575 ipse

223 2619 370 2683 addenda
390 2639 457 2684 esse
475 2619 590 2695 censui,
609 2657 652 2667 -
671 2617 789 2683 factum
811 2625 915 2683 autem
939 2620 972 2683 id
995 2619 1192 2702 potissimum
1211 2619 1243 2681 in
1262 2618 1421 2683 stellarum
1440 2617 1591 2700 catalogis
1609 2654 1651 2663 —
1669 2615 1758 2680 uncis

224 2743 343 2809 inclusi.
379 2765 460 2809 nera
482 2744 622 2809 subsidia
644 2744 754 2808 critica
776 2744 809 2808 in
827 2744 972 2827 Epitome
994 2750 1050 2808 aut
1073 2744 1105 2808 in
1124 2743 1250 2808 scholiis
1269 2744 1301 2806 in
1322 2742 1540 2807 Germanicum
1559 2740 1756 2805 recensendis

223 2869 305 2934 mihi>
324 2873 451 2952 praesto
469 2889 530 2933 non
552 2867 694 2944 fuemnt3
716 2889 818 2952 neque
835 2868 973 2953 profecte
992 2890 1070 2952 opus
1088 2876 1169 2933 sunt.
1205 2868 1238 2933 in
1257 2867 1317 2932 hac
1329 2867 1609 2942 Westermannunr‚
1632 2866 1665 2929 in
1684 2864 1756 2939 illis,

223 3001 259 3058 ut
281 3017 339 3077 par
363 3001 424 3086 est,
447 2994 643 3078 Breysigium
665 2994 800 3059 maxime
823 2999 946 3058 secutus
969 3013 1050 3069 sum3
1073 3014 1173 3076 neque
1190 2999 1296 3058 tamen
1314 2993 1347 3058 in
1365 2990 1623 3059 adnotationibus
1640 2989 1758 3055 criticis

224 3119 364 3195 leviores,
383 3141 400 3184 e
419 3118 532 3203 quibus
551 3117 628 3182 disci
648 3118 725 3183 nihil
744 3125 861 3202 potest,
880 3119 1106 3202 discrepantias
1120 3117 1271 3182 librorum
1287 3116 1476 3184 adferendas
1490 3137 1557 3183 esse
1571 3116 1661 3192 duxi3
1680 3135 1758 3198 quas

225 3244 250 3309 si
277 3246 349 3327 quis
376 3265 561 3326 cognoscere
589 3243 731 3319 veluerit,
757 3244 911 3328 Breysigii
939 3244 1109 3308 editionem
1136 3243 1238 3309 adeat.
1282 3242 1371 3307 Arati
1397 3241 1516 3307 scholia
1538 3262 1576 3306 ex
1599 3238 1758 3304 Marciano

225 3369 288 3433 476
308 3375 342 3432 ot
356 3368 508 3433 Vaticsno
530 3368 612 3432 1307
633 3367 716 3443 dedi,
738 3389 870 3451 qnorum
889 3367 977 3433 illum
991 3367 1249 3433 Wilamowitzius
1267 3389 1353 3433 mous
1371 3374 1482 3442 tetum,
1502 3365 1596 3430 huius
1615 3384 1758 3447 magnam

225 3502 346 3578 partem
366 3494 433 3576 ipse
452 3493 579 3557 contuli.
611 3493 642 3556 in
658 3493 782 3575 Hygino
801 3493 846 3557 eis
864 3514 944 3575 quae
959 3492 1131 3558 Bursianus
1149 3515 1249 3577 nuper
1267 3492 1385 3577 publici
1404 3492 1481 3556 iuris
1494 3491 1569 3556 fecit
1583 3489 1759 3576 (Sitznngs-

217 3605 347 3684 bericht
371 3619 400 3683 d.
423 3618 452 3682 Is
474 3618 561 3701 bayr.
586 3616 758 3683 Akadernie
785 3618 868 3682 1876
891 3641 920 3702 p.
947 3622 961 3683 1
989 3616 1026 3703 s.)
1050 3617 1199 3683 subsidiis
1222 3618 1339 3683 criticis
1361 3638 1423 3681 nen
1446 3617 1561 3693 minus,
1588 3636 1682 3699 quam
1706 3615 1760 3690 eis,

226 3766 304 3828 (luae
326 3765 365 3808 ex
383 3743 492 3808 Buntii
516 3741 653 3806 editione
675 3743 742 3824 peti
765 3749 905 3825 possunt,
928 3764 1001 3807 usus
1024 3765 1101 3808 sum.
1138 3744 1272 3826 denique
1291 3743 1406 3827 insigni
1424 3741 1658 3807 bibliotheauii
1677 3739 1760 3821 Lng-

227 3869 373 3934 dnnensis
396 3867 586 3932 liberalitate
608 3866 726 3930 factum
749 3875 809 3944 est,
832 3875 868 3932 ut
887 3867 1073 3932 Vossianurn
1096 3869 1244 3952 primum,
1267 3888 1360 3950 quem
1383 3873 1507 3944 vocsmt,
1531 3867 1589 3951 ipsi
1614 3872 1760 3931 excutere

218 3948 340 4058 liceret.
369 3991 554 4056 Vossianum
573 3991 707 4074 primum
726 3993 805 4067 dico,
828 4014 902 4057 nam
920 3993 967 4057 ite
986 3998 1077 4057 vocat
1095 3992 1237 4057 Ilieblius
1256 3991 1472 4078 (Mnemosyne
1490 3991 1521 4056 II
1542 3990 1626 4057 1853
1644 4013 1674 4075 p.
1694 3992 1760 4076 86),

228 4119 310 4181 cuins
331 4117 500 4199 descriptio
519 4117 551 4180 in
570 4116 686 4180 librum
705 4139 797 4200 quem
816 4139 873 4200 ego
892 4118 1009 4182 centuli
1028 4118 1260 4183 accuratissime
1280 4119 1424 4202 quadrat,
1442 4116 1502 4181 nisi
1521 4117 1607 4199 qued
1622 4116 1699 4180 mihi
1715 4115 1758 4180 XI

228 4243 329 4323 petius
356 4264 450 4333 quom
474 4240 503 4305 x
525 4241 649 4306 saeculo
672 4246 819 4306 exaratus
847 4263 915 4307 esse
942 4244 1026 4308 visus
1049 4248 1104 4306 est.
1151 4243 1268 4307 diserte
1290 4243 1349 4308 hoc
1372 4242 1560 4307 monendum
1583 4247 1664 4318 erat,
1687 4261 1760 4305 nam

228 4370 349 4450 saepius
376 4365 426 4441 fit,
453 4372 489 4431 nt
517 4388 593 4451 quas
617 4365 804 4431 Stavorenus
832 4389 870 4431 ex
893 4368 980 4433 Voss.
1006 4367 1020 4431 I
1044 4368 1149 4432 adfert
1171 4367 1320 4433 lecti0nes
1352 4367 1384 4430 in
1412 4366 1495 4431 libro
1522 4388 1543 4431 a
1564 4385 1613 4429 me
1636 4364 1760 4429 conlato

228 4512 285 4555 non
314 4498 436 4567 extent,
463 4499 573 4556 centra
599 4512 679 4573 quae
702 4511 740 4555 ex
763 4491 850 4557 Voss.
875 4491 906 4556 II
928 4493 1061 4557 adnotat
1084 4513 1122 4557 ea
1144 4494 1269 4575 saepius
1291 4513 1361 4558 cum
1384 4490 1466 4557 libro
1490 4490 1545 4556 illo
1568 4495 1758 4572 congruunt;

228 4614 272 4680 ita
297 4623 333 4681 ut
360 4637 482 4681 summa
507 4617 706 4701 neglegentia
733 4637 804 4681 enm
831 4617 931 4700 egisse
959 4618 1119 4701 adpareat.
1167 4618 1279 4683 desunt
1306 4623 1411 4682 autem
1434 4615 1529 4680 hodic
1552 4615 1584 4678 in
1608 4613 1760 4678 Vossiano

197 4732 210 4763 ⁸
230 4738 302 4804 folia
329 4761 410 4822 quae
437 4741 567 4805 alterius
594 4740 666 4806 libri
691 4743 896 4826 posteriorem
915 4750 1037 4827 partem
1060 4743 1149 4827 (inde
1168 4766 1188 4807 a
1205 4743 1325 4809 Cancro
1344 4740 1451 4806 XXIII
1470 4741 1510 4804 nd
1530 4738 1638 4824 linem)
1661 4739 1760 4804 conti-

230 4864 357 4943 nebant3
381 4865 474 4930 huius
499 4865 597 4950 igitur
623 4866 695 4932 libri
723 4867 872 4934 lectiones
901 4874 1026 4954 praeter
1052 4867 1135 4933 leves
1162 4866 1284 4933 librarii
1312 4887 1433 4933 errores
1461 4865 1578 4947 ubique
1604 4864 1760 4933 aduetavi.
