3894 5708
281 354 381 407 Seuer..
401 353 494 407 Graii.
514 353 546 409 G.
566 370 592 423 p.
614 354 673 418 155,
694 355 734 409 19.

222 532 432 618 Capricornus
464 554 553 610 sano,
589 533 644 616 qui
675 554 745 599 cum
777 535 878 599 cauda

176 642 271 726 piscis
293 641 444 725 pingitur,
467 639 554 724 quod
575 639 670 706 buires
690 641 820 717 seems,
842 641 878 704 ia

180 770 242 833 quc
268 769 330 830 per
357 769 427 814 eum
452 748 500 813 sel
527 748 640 824 currit,
671 747 786 812 ultima
813 748 877 811 siat

173 856 335 937 pluviosa.
382 877 475 940 quem
502 854 629 920 fabulae
656 854 771 918 anve
793 854 877 919 inter

149 970 264 1028 eastra
273 963 468 1029 conlocatum
477 962 584 1027 ferunt
593 967 723 1045 propter
732 982 876 1044 capream

176 1075 311 1135 matrem
328 1070 405 1147 eius,
424 1092 504 1154 quae
524 1069 641 1135 dicitur
659 1067 755 1133 fuisse
769 1069 877 1133 nutrix

179 1178 270 1254 lovis,
288 1178 355 1242 sive
373 1178 457 1261 quod
472 1199 543 1242 cum
557 1177 612 1241 illo
627 1173 732 1253 fuerit,
750 1175 876 1258 quando

178 1306 272 1368 super
290 1284 420 1350 Titanas
439 1282 606 1361 militabat,
629 1290 662 1349 et
679 1282 877 1348 adinvenerit

176 1392 347 1469 cochleam,
375 1412 413 1456 ex
440 1392 528 1457 euius
555 1392 660 1456 sonitu
687 1390 794 1455 hostes
821 1411 875 1454 ex-

131 1510 167 1563 10
176 1499 326 1564 terruerit
347 1506 443 1581 atque
464 1498 629 1582 fugaverit.
674 1519 768 1580 quem
791 1496 877 1562 illinc

176 1605 309 1671 caudam
339 1605 434 1688 piscis
460 1605 578 1671 habere
601 1603 724 1688 fingimt
746 1609 877 1687 propter

176 1715 329 1779 marinam
367 1712 539 1789 cochleam,
575 1713 614 1778 de
646 1733 710 1795 qua
740 1709 876 1794 praefati

176 1842 290 1887 sumus.

163 3052 177 3089 e
197 3032 337 3086 cochleam
356 3034 468 3100 scripsi:
490 3033 605 3087 caudam
625 3031 658 3085 G.
696 3031 826 3085 concham
845 3035 871 3101 β.

121 3142 152 3179 ro
172 3121 252 3175 illinc
270 3124 300 3190 βι
320 3121 379 3176 illic
399 3121 432 3175 G.
559 3138 584 3176 12
603 3120 741 3174 cochleam
761 3121 872 3188 ambri:

119 3213 246 3269 calidam
268 3211 301 3265 G.
338 3212 442 3265 coelam
462 3216 513 3264 out
532 3210 654 3264 canolam
675 3210 732 3263 cod.
753 3209 834 3264 detes.

1179 355 1311 409 lIromus
1330 356 1365 421 ll,
1384 358 1426 410 28.

1612 358 1674 423 149

975 534 1078 599 Huius
1105 533 1226 617 effigies
1253 533 1364 599 similis
1392 541 1439 599 est
1468 535 1639 619 Aegipani..
1686 534 1809 588 XXVI!

931 662 1025 723 quem
1043 641 1174 724 Iupiter,
1193 641 1277 723 quod
1296 662 1366 706 cum
1385 663 1421 706 eo
1441 647 1510 706 erat
1529 647 1629 708 nutri·

931 754 992 824 tus,
1011 749 1042 811 iu
1062 747 1217 813 sideribus
1236 770 1303 814 esse
1321 748 1430 825 voluit,
1448 756 1484 813 ut
1503 772 1630 833 etlinun

931 855 1099 931 nutricem,
1127 856 1166 920 de
1195 877 1257 939 qua
1284 861 1358 920 onte
1386 856 1528 922 diximus.
1577 858 1630 924 hic

931 962 1026 1026 etiam
1050 962 1175 1038 dieitur,
1198 985 1267 1027 eum
1287 964 1408 1048 Iupiter
1425 962 1554 1028 'Pitanos
1573 987 1629 1048 op·
1656 976 1673 1028 5

931 1073 1097 1151 pugnaret,
1120 1070 1240 1152 primus
1258 1070 1408 1136 obiecisse
1426 1069 1569 1137 hostibus
1588 1071 1628 1137 ti-

930 1196 1056 1251 morem,
1079 1177 1133 1260 qui
1156 1172 1299 1253 πανικός
1317 1177 1505 1260 adpellstur,
1528 1184 1564 1242 ut
1582 1180 1629 1242 ait

929 1282 1164 1348 Eratosthenes.
1184 1283 1265 1321 *²¹²*
1284 1284 1344 1348 hae
1362 1285 1458 1348 etiam
1476 1285 1515 1350 de
1534 1307 1629 1350 eausa

929 1389 997 1455 eius
1020 1389 1201 1456 inferiorem
1223 1398 1344 1475 partem
1367 1392 1461 1475 piscis
1479 1413 1546 1457 osse
1564 1392 1627 1457 sor-

929 1497 1075 1561 matione.
1134 1504 1167 1562 et
1202 1499 1287 1581 quod
1318 1500 1489 1565 muricibus
1521 1498 1672 1565 hosteslo

929 1605 972 1669 sit
994 1604 1148 1670 iaculatus
1170 1628 1227 1689 pro
1251 1607 1392 1689 lepidum
1415 1608 1557 1672 iectione.

960 3050 973 3084 a
987 3030 1107 3081 lucianus
1125 3030 1235 3099 sicerum
1246 3032 1336 3097 posui.
1366 3047 1432 3082 nctus
1446 3031 1477 3082 ia
1489 3031 1667 3097 praecedenti

924 3119 1089 3172 narratione
1103 3119 1173 3171 rediit
1190 3120 1266 3185 istest,
1287 3119 1362 3185 φωτὶ
1376 3119 1415 3171 od
1431 3120 1596 3186 (tornisarni
1607 3120 1665 3184 for·

924 3208 1072 3261 cantionem
1090 3207 1286 3275 replicandam
1304 3213 1410 3274 spectet.
1501 3228 1527 3264 re
1545 3215 1574 3263 et
1592 3210 1665 3277 quod

1704 624 1802 694 Capri·

1697 730 1805 770 coraus.

925 3295 1073 3351 muricibus
1093 3313 1115 3349 e.
1127 3313 1152 3365 q.
1163 3315 1184 3350 s.
1203 3297 1271 3349 tinec
1288 3304 1382 3364 (φατε
1402 3298 1604 3351 &cancerasse
1623 3315 1664 3351 rc·
1690 3288 1694 3295 ¹

922 3393 1061 3455 permeant.
1090 3387 1208 3453 cenitari
1225 3386 1334 3453 quidem
1348 3393 1438 3455 potest
1453 3387 1596 3457 llyyiaum
1615 3394 1666 3439 ortt

926 3475 1134 3529 Uetustertemos
1140 3492 1228 3542 preire
1235 3476 1399 3529 intereresse
1408 3484 1459 3530 <iret
1469 3478 1557 3530 alitem
1568 3476 1666 3530 libricu

925 3565 1089 3631 adhibuisse,
1103 3564 1153 3617 sed
1162 3582 1253 3619 rereor
1267 3583 1301 3619 ne
1317 3567 1395 3619 rerba
1411 3567 1446 3620 ab
1460 3566 1665 3635 interpolatore,

925 3656 974 3722 mci
992 3653 1126 3707 dictitarem
1143 3671 1232 3721 sutoro
1254 3661 1380 3709 actutum
1403 3656 1511 3723 erpdcre
1529 3654 1664 3724 studebat,

925 3743 1024 3797 mtdira
1042 3744 1105 3797 sint.
