3894 5708
362 396 460 449 Senon.
482 395 574 448 Gssu.
594 394 626 448 G.
646 412 672 462 p.
694 397 752 453 179,
774 399 796 448 I.

274 573 397 639 ·Habet
415 573 524 638 stellas
543 575 573 636 in
591 573 694 656 capite
710 572 859 637 obse-uras
873 580 947 650 tres,

247 684 278 745 In
307 682 439 764 singulis
465 680 581 744 umoris
609 681 749 764 singulas
772 681 887 758 claras,
915 682 946 744 in

247 792 378 855 dextero
401 788 509 853 cubito
532 808 640 863 unam,
663 788 696 852 in
720 789 830 853 earlem
853 810 948 853 manu

1248 397 1379 449 Ilrrunus
1399 398 1445 453 III.
1465 398 1507 450 37.
1683 398 1741 462 187

1046 574 1151 638 Habet
1170 580 1276 638 antem
1294 574 1400 639 stellas
1423 598 1519 659 suprn
1537 579 1633 658 caput
1651 574 1698 638 III

1001 682 1162 756 obscurus,
1190 682 1221 745 in
1251 682 1392 765 utrisque
1419 684 1536 748 umeris
1560 683 1699 765 siugulns

1000 789 1110 864 claros,
1133 789 1167 852 in
1185 787 1293 853 cubito
1311 789 1439 854 sinistro
1457 790 1482 866 Ι,
1505 791 1537 854 in
1561 810 1656 853 uranu
1676 789 1699 865 I,

247 919 355 973 unam,
395 897 428 960 in
455 895 569 960 ‘medio
604 901 732 978 pectore
768 918 878 971 unam,
915 896 947 959 in
999 897 1033 961 in
1056 896 1158 961 medio
1186 902 1312 978 pectore
1335 898 1451 979 equino
1475 896 1502 972 Ι,
1530 898 1562 961 in
1585 898 1699 980 priori-

220 1003 338 1087 5spinn
369 1009 528 1088 quattuor,
559 1003 592 1066 in
624 1008 734 1067 uentre
766 1003 947 1087 splendidas

248 1113 340 1188 duaS,
369 1113 400 1174 in
429 1111 541 1176 dextro
568 1109 676 1175 lumbo
705 1111 821 1175 claram
843 1131 947 1186 unam,

247 1220 279 1283 in
303 1219 405 1282 cautla
426 1223 505 1293 tres,
529 1220 561 1283 in
585 1218 716 1301 singulis
739 1218 872 1301 genibus
894 1239 946 1282 rc·

246 1306 358 1390 Irorsis
385 1325 477 1401 duas,
505 1326 538 1388 in
565 1332 700 1408 utroque
726 1346 814 1390 armo
843 1347 947 1402 urrani,

248 1434 280 1496 in
309 1433 453 1515 utrisque
480 1432 615 1515 pedibus
643 1432 855 1498 anterioribus
883 1433 946 1497 sin-

206 1540 343 1621 Iogulas.
376 1538 455 1603 fiunt
474 1539 608 1603 XXIIII.
641 1562 660 1603 a
683 1538 871 1622 quibusdam
890 1561 947 1602 aa·

247 1653 311 1712 tem
343 1645 562 1712 arbitrabatur
597 1647 731 1711 bestiam
769 1648 800 1710 in
834 1648 948 1711 dextra

249 1776 341 1819 manu
374 1760 496 1830 tenere,
528 1755 561 1818 in
589 1754 718 1819 sinistra
744 1754 900 1839 thyrsum3
927 1777 948 1819 a

249 1862 407 1926 nonnullis
439 1882 512 1925 vero
550 1867 652 1925 utrem
684 1860 749 1926 vini
780 1861 876 1937 aceti,
910 1882 948 1926 ex

248 1991 309 2053 quo
344 1968 461 2033 libaret
496 1970 558 2033 (liis
594 1970 628 2033 in
659 1969 806 2034 sacrario.
850 1968 949 2033 babet

206 2086 354 2143 loantem
382 2076 488 2141 stellas
515 2075 650 2140 bestiole
676 2076 709 2140 in
737 2076 840 2160 eapite
863 2076 892 2152 1,
915 2077 948 2139 in

248 2185 339 2267 spina
362 2184 479 2248 oburrun
498 2183 522 2260 I,
545 2184 578 2248 in
597 2184 697 2247 cauda
716 2183 757 2259 ΙΙ,
775 2182 808 2246 in
827 2204 947 2246 summo

248 2292 327 2374 pede
350 2291 519 2374 posteri0ri
542 2290 557 2354 I
581 2291 712 2366 claram,
739 2291 772 2353 in
795 2291 948 2354 anteriori

248 2400 328 2481 pede
369 2399 488 2463 clauum
525 2420 627 2462 unani.
679 2397 805 2480 thyrsus
842 2404 949 2462 autern
981 2464 985 2479 ,

247 2506 346 2570 babet
367 2504 424 2569 III.
453 2504 533 2569 fiunt
556 2527 663 2570 omnes
686 2504 776 2570 simul
801 2504 947 2569 XXXIII.

241 3401 250 3436 ι
267 3383 360 3436 IIebet
373 3382 470 3436 stellas
484 3411 519 3422 -
535 3400 560 3437 10
573 3381 643 3435 fiunt
658 3382 766 3436 XXIIII
782 3388 806 3435 et
821 3399 847 3436 rs
863 3382 947 3436 habet

202 3480 296 3526 antem
307 3472 404 3526 stellas
420 3502 452 3510 —
468 3489 494 3527 19
503 3470 584 3525 sImuI
596 3471 716 3524 XXXIII
728 3471 792 3524 ded-i
801 3487 835 3525 ex
845 3470 874 3536 S,
885 3488 948 3524 com

201 3563 234 3615 in
250 3561 276 3613 G
291 3563 391 3614 ortissu
404 3562 476 3626 snum·
494 3577 520 3615 lo
534 3576 551 3614 a
567 3560 730 3628 quibusdam
741 3592 772 3599 -
787 3578 811 3615 ir
826 3561 947 3615 sacrario

201 3667 238 3705 ea
258 3652 290 3704 G.
312 3657 428 3704 ceterum
452 3650 519 3704 boec
543 3666 652 3717 quoq-uc
669 3651 701 3702 iu
719 3649 742 3703 S
759 3656 784 3702 et
802 3666 836 3703 ex
855 3650 947 3703 eodem

202 3740 314 3808 peridem
332 3740 479 3807 arebetppo
498 3739 636 3806 descripta
652 3755 686 3792 ac
702 3738 728 3792 G
741 3739 881 3808 loquatur,
900 3738 948 3792 sed

200 3829 337 3883 lore-rins
351 3846 424 3883 nrrrre
438 3845 489 3881 mro
504 3828 597 3880 aliena
613 3833 637 3881 et
652 3828 776 3881 absrrrda
791 3827 946 3882 oenomao.

200 3939 214 3975 s
235 3919 362 3972 dextero:
378 3917 489 3971 debebat
498 3916 618 3971 sinistro.
673 3917 948 3985 squattuorsem'psi:

201 4010 272 4061 duas
302 4006 340 4075 G,
374 4006 450 4071 qnod
482 4006 646 4060 trecentulam
670 4022 818 4075 perperam
846 4022 880 4059 err
906 4022 947 4059 se·

203 4096 352 4166 petentebus
367 4101 547 4163 praeceptum
566 4101 611 4149 est.
657 4113 670 4152 s
689 4096 717 4149 in
737 4102 852 4163 utroque
871 4112 947 4149 armo

201 4200 285 4240 unam
308 4184 555 4252 interpolatorem
575 4184 713 4254 rideatur,
732 4190 883 4254 postquam
896 4202 946 4253 pe-

202 4274 272 4329 dum
286 4275 472 4342 posteriorum
490 4274 584 4328 stellae
602 4274 771 4328 eccidermrt.
809 4290 835 4330 15
855 4273 882 4327 in
902 4291 947 4329 ca·

201 4364 263 4434 pito
283 4365 307 4418 I:
337 4363 447 4417 debebat
470 4362 499 4416 ia
518 4362 611 4432 capite
634 4364 689 4431 1113
713 4369 832 4417 ceterum
853 4364 885 4416 in
907 4381 946 4418 se-

201 4453 350 4525 queutrbus
383 4468 492 4519 quoque
525 4452 599 4508 duas
629 4452 723 4507 stellas
751 4454 865 4507 caruisses
893 4468 948 4506 esse

199 4542 311 4612 prim'
329 4542 502 4609 comparatio
521 4542 606 4597 docet.
661 4562 687 4597 is
706 4545 816 4612 thyrsus
835 4542 948 4609 scripsi:

200 4632 327 4700 thyrsum
347 4631 375 4685 S.
467 4649 492 4687 ro
512 4633 565 4685 III:
585 4648 619 4685 er
638 4631 692 4684 BP
708 4632 864 4700 serrpserr'm
884 4631 945 4684 IIII.

202 4720 339 4776 XXXIII:
360 4720 470 4775 debebat
489 4716 644 4776 XXXVIII.

1000 1003 1059 1067 bus
1077 1002 1250 1087 poplitibus
1268 1003 1416 1085 singulas,
1435 1004 1466 1067 in
1486 1003 1699 1086 interscapilio
1726 1013 1743 1066 5

1000 1111 1079 1187 ΙΙΙΙ,
1107 1112 1141 1175 in
1169 1118 1276 1175 ventre
1300 1111 1379 1175 <luas
1402 1111 1515 1186 clarius,
1542 1112 1575 1174 in
1599 1111 1700 1176 cauda

1000 1217 1058 1294 ΙΙΙ,
1082 1219 1114 1281 in
1133 1217 1240 1282 lumbo
1259 1218 1375 1300 equine
1396 1217 1418 1292 I,
1440 1218 1473 1282 in
1493 1217 1624 1300 genibus
1642 1238 1698 1302 po·

1000 1325 1185 1391 storioribus
1208 1324 1360 1407 singulas,
1384 1325 1415 1387 in
1439 1325 1613 1408 poplitibus
1636 1325 1699 1389 sin-

999 1432 1097 1514 gulas.
1138 1432 1265 1496 omnino
1293 1431 1406 1495 XXIV.
1456 1431 1561 1496 hostia
1592 1440 1699 1497 autern

999 1538 1096 1603 babet
1119 1540 1152 1601 in
1176 1538 1277 1604 cauda
1299 1538 1406 1603 stellas
1429 1538 1473 1615 ΙΙ,
1500 1538 1533 1603 in
1555 1540 1636 1621 pede
1659 1541 1699 1603 de
1710 1547 1744 1600 10

999 1645 1227 1729 posterioribus
1253 1647 1355 1730 primo
1383 1646 1398 1710 Ι
1425 1651 1459 1711 et
1485 1647 1569 1711 inter
1595 1651 1699 1711 utros·

999 1775 1061 1837 qus
1083 1753 1180 1837 podes
1201 1753 1226 1830 I,
1248 1754 1282 1817 in
1304 1754 1520 1837 interscapilio
1543 1753 1558 1817 Ι
1582 1754 1699 1818 claram

1000 1868 1033 1926 et
1055 1861 1088 1925 in
1110 1861 1216 1944 priore
1238 1867 1330 1944 parte
1351 1862 1467 1945 pedum
1490 1861 1520 1938 Ι,
1547 1860 1631 1925 infra
1652 1861 1699 1925 al-

1000 1975 1111 2046 teram,
1121 1969 1153 2033 iu
1164 1969 1266 2052 cupite
1276 1968 1324 2032 ΙΙΙ
1335 1969 1512 2052 dispositas.
1529 1968 1698 2034 omninoX.

1035 3381 1096 3439 sin
1115 3387 1181 3435 aare
1199 3380 1390 3450 interscapilio
1408 3397 1459 3434 om.
1481 3380 1570 3435 GRV.
1616 3400 1629 3435 a
1647 3380 1675 3433 in
1695 3397 1742 3450 po-

1000 3471 1116 3542 plitibus
1139 3470 1262 3538 siugulas
1290 3487 1341 3524 om.
1364 3470 1399 3525 R.
1420 3476 1537 3524 ceterum
1565 3470 1615 3537 qui
1636 3469 1743 3536 saetam

999 3562 1047 3629 sit,
1071 3567 1104 3613 ur
1122 3559 1254 3629 prr'aus
1272 3565 1297 3613 et
1314 3560 1359 3613 bic
1377 3565 1509 3627 strupra
1528 3575 1540 3614 5
1556 3574 1611 3627 pro
1629 3559 1744 3628 mapalis

996 3650 1116 3719 poplites
1134 3655 1239 3718 ponat,
1263 3666 1321 3703 non
1345 3649 1496 3717 adsequor,
1524 3649 1580 3701 misi
1601 3649 1673 3713 serre
1693 3653 1745 3702 aut

1001 3738 1082 3792 aliod
1103 3738 1266 3793 vocabulum
1288 3739 1319 3791 In
1342 3738 1464 3807 erernplo
1487 3754 1538 3792 suo
1561 3739 1667 3791 ine-enit
1692 3743 1744 3792 nm

1000 3829 1088 3881 clinem
1105 3828 1265 3894 scriptorem
1284 3827 1429 3881 consulu-it.
1492 3845 1505 3882 s
1525 3827 1629 3880 XXIV:
1651 3827 1743 3881 XXVI

999 3917 1180 3971 BDGMPV.
1202 3917 1268 3969 XXI
1286 3916 1320 3971 R.
1380 3935 1414 3973 lo.
1434 3934 1458 3971 11
1478 3917 1513 3970 dc
1531 3914 1742 3985 posterioribus:

1001 4006 1153 4077 posteriore
1178 4006 1206 4060 V.
