3894 5708
200 332 265 398 236

197 512 395 596 paucissimis
427 511 570 578 versibus
603 511 795 596 interpositis
827 510 923 577 facit?
960 514 1014 577 sed
1046 517 1083 576 ut
1114 516 1180 577 tam
1211 511 1412 579 incredibilia
1443 512 1620 590 credamus,
1651 512 1743 578 nullo

197 620 291 687 modo
314 620 443 686 secundi
470 619 643 686 testimonii
670 621 842 686 auctoritas
870 618 1001 704 infringi
1023 622 1142 705 potest:
1174 619 1348 704 interponit
1370 618 1448 684 haee
1475 617 1573 685 verba
1593 620 1742 704 Hyginus

197 727 317 793 Arietis
340 727 542 812 explicationi
566 748 605 792 ex
623 726 857 793 (latasterismis
880 727 1038 802 redditam
1062 726 1164 792 eidem
1187 728 1390 811 explicationi
1412 728 1477 793 alia
1497 748 1621 812 quoque
1639 727 1742 804 addit,

198 857 278 919 quae
306 857 377 900 cum
404 834 445 900 ab
472 835 683 900 Eratosthene
712 835 816 900 aliena
843 836 920 912 sint,
946 834 1086 900 Fabulae
1113 834 1146 899 II
1172 842 1320 901 accurate
1347 836 1567 919 respondeant.
1594 856 1621 901 r.
1645 833 1743 899 Cata-

197 943 330 1009 stcrism.
359 942 469 1026 fragm.
501 965 530 1027 p.
561 942 623 1007 125
656 947 689 1008 et
716 942 942 1026 Prolegcmena
972 965 1002 1026 p.
1034 941 1083 1006 15.
1115 942 1190 1008 binc
1221 943 1320 1026 igitur
1352 965 1421 1009 meo
1454 944 1523 1008 iure
1555 941 1744 1008 concludere
1861 972 1864 976 “

196 1050 275 1116 mihi
297 1050 407 1116 videor
429 1050 582 1116 Fabulam
604 1050 636 1115 H
659 1049 699 1115 ab
722 1048 862 1134 Hygino,
888 1071 951 1114 non
974 1048 1014 1114 ab
1038 1049 1267 1132 interpolatore
1291 1051 1426 1135 quodam
1451 1049 1623 1136 profectam
1647 1056 1681 1115 et
1705 1071 1745 1114 ex

141 1191 149 1207 ·
196 1159 307 1224 eodem
328 1157 560 1242 mythographo
583 1178 697 1241 graeco
720 1157 867 1222 haustam
889 1178 970 1234 esse,
997 1178 1091 1240 quem
1113 1156 1258 1241 Hyginus
1281 1162 1349 1222 tum
1371 1178 1509 1241 quoque,
1536 1179 1606 1222 cum
1629 1156 1744 1223 Astro-

196 1265 312 1350 logiam
340 1265 566 1342 conscriberet,
593 1266 711 1349 passim
738 1264 903 1332 consuluit.
936 1268 971 1329 at
998 1265 1025 1329 si
1052 1265 1086 1328 iu
1111 1263 1312 1347 Genealogiis
1339 1264 1419 1330 baec
1440 1264 1550 1331 fabula
1571 1266 1741 1340 extitisset,

195 1372 340 1458 Hyginus
362 1395 426 1439 uon
450 1373 586 1438 dicaeus
609 1373 798 1458 scripsisset,
825 1373 881 1438 sed
906 1372 1054 1437 (liriorta
1088 1371 1137 1435 bis
1161 1372 1306 1438 omnibus
1328 1373 1492 1456 perpensis
1515 1373 1648 1456 adparet
1671 1393 1744 1436 eam

196 1501 278 1562 quae
301 1480 334 1543 in
357 1479 548 1546 Fabularum
571 1480 653 1547 libro
677 1482 717 1545 de
740 1479 857 1544 Phrixo
881 1480 997 1563 legitur
1018 1480 1233 1544 narrationem
1256 1479 1298 1545 ad
1321 1480 1452 1544 tertium
1468 1480 1603 1573 ¹aliquod
1620 1480 1744 1564 Hygini

197 1608 276 1671 opus
298 1586 496 1653 referendam
525 1609 605 1669 esse,
634 1589 717 1673 quod
745 1609 816 1652 eum
839 1586 1052 1669 Astrologiam
1080 1593 1296 1670 componeret,
1323 1608 1386 1652 non
1410 1589 1579 1671 scripserat
1601 1586 1744 1671 quidem,

196 1696 251 1762 sed
273 1694 416 1780 parabat.
454 1696 539 1761 idem
567 1716 645 1779 opus
674 1695 770 1761 etiam
798 1694 854 1759 nbi
882 1695 921 1759 de
946 1694 1095 1778 Gorgona
1122 1715 1224 1759 sermo
1248 1700 1296 1759 est
1318 1718 1347 1778 p.
1367 1695 1419 1773 46,
1438 1695 1481 1760 22
1504 1695 1638 1760 indicari
1661 1695 1744 1760 satis

196 1800 402 1881 confidenter,
429 1802 483 1868 nbi
511 1803 552 1867 de
579 1803 734 1887 Dianap.
759 1802 811 1879 73,
829 1802 886 1880 21,
914 1800 1112 1868 dubitantius
1135 1807 1250 1867 statuo.
1282 1802 1495 1867 intelleximus
1519 1802 1616 1885 igitur
1639 1801 1744 1886 Hygi-

195 1932 270 1975 num
297 1916 371 1977 ante
394 1909 606 1995 astrologiam
630 1909 851 1994 Genealogias,
878 1914 950 1993 post
977 1909 1190 1992 Astrologiam
1214 1907 1412 1974 enchiridion
1434 1908 1743 1996 mythologicum‚³⁰)

195 2018 281 2102 quod
308 2018 342 2082 in
374 2018 504 2083 deorum
530 2017 723 2101 heroumqne
750 2016 893 2082 historiis
917 2017 1109 2101 exponendis
1133 2021 1324 2094 versaretur,
1353 2016 1589 2100 composuisse,
1605 2018 1655 2082 cui
1678 2016 1744 2082 Fa-

195 2125 287 2192 bulas
314 2124 444 2191 titulum
470 2124 567 2190 fuisse
593 2125 661 2190 reri
690 2147 754 2189 non
782 2130 831 2190 est
863 2123 1022 2191 dissimile.
1055 2125 1221 2208 utriusque
1249 2124 1352 2208 operis
1384 2124 1603 2209 compendium
1628 2125 1745 2191 multis

195 2253 271 2299 sane
303 2232 585 2298 diversissimarum
617 2237 759 2298 aetatum
791 2231 1088 2316 interpolationibus
1119 2232 1319 2316 inquinatum
1346 2230 1536 2297 Fabularum
1568 2231 1649 2297 liber
1683 2238 1745 2310 est,

195 2362 288 2424 quem
317 2361 375 2404 uos
402 2343 558 2417 tenemus3
586 2340 728 2405 sedium
752 2340 829 2407 satis
851 2341 983 2424 antiquo
1005 2347 1160 2423 tempore,
1187 2339 1288 2404 altero
1312 2339 1458 2405 nimirum
1481 2344 1554 2422 post
1577 2337 1744 2404 Christum

195 2446 320 2514 saeculo
344 2452 489 2525 exeunte,
510 2452 645 2530 uterque
668 2447 751 2512 liber
773 2454 903 2532 propter
926 2449 1103 2530 argumenti
1121 2446 1311 2512 affinitatem
1329 2448 1361 2511 in
1380 2469 1478 2512 unum
1497 2445 1650 2512 conflatus
1669 2468 1743 2513 esse

195 2540 334 2621 videtur.
360 2576 435 2619 nam
452 2554 569 2639 Hygini
589 2554 790 2638 Genealogia,
814 2576 909 2639 quam
926 2555 1097 2621 Dositheus
1121 2556 1270 2638 magister
1293 2554 1406 2619 1111d.
1426 2552 1511 2638 Sept.
1529 2555 1605 2618 anni
1625 2553 1744 2619 CCVII

195 2684 225 2746 p.
249 2661 321 2727 Chr.
353 2661 435 2746 Apio
459 2669 491 2726 ct
514 2661 651 2728 Maximo
679 2663 861 2728 consulibus
888 2663 1069 2746 descripsit,
1097 2683 1253 2746 quamque
1277 2663 1362 2728 idem
1388 2662 1444 2727 illa
1466 2667 1571 2727 aetate
1593 2661 1744 2729 omnibus

194 2773 303 2836 notam
326 2790 393 2835 esse
416 2768 572 2848 adfirmat,
595 2775 628 2835 et
650 2769 850 2854 genealogias
874 2776 906 2835 et
928 2770 1079 2836 historias
1101 2771 1284 2836 coniunctas
1307 2768 1581 2852 complectebatur.

285 2875 333 2940 De
355 2875 473 2960 Hygini
500 2899 634 2961 persona
661 2886 756 2961 atque
783 2883 889 2942 aetate
913 2877 1068 2942 Bursiano
1095 2898 1225 2961 prorsus
1252 2876 1427 2953 adsenti0r3
1456 2876 1597 2941 diversus
1625 2882 1675 2941 est
1697 2877 1743 2942 ab

197 2983 332 3067 Augusti
354 2983 470 3049 liberto
493 2991 692 3069 nequeunte
715 2985 850 3049 alterum
872 3007 902 3069 p.
926 2984 998 3050 (ihr.
1027 2985 1185 3050 saeculum
1207 2985 1321 3049 vixisse
1343 2988 1461 3067 potest,
1488 3005 1559 3048 cum
1581 3005 1621 3048 ne
1645 2982 1741 3049 Oeta-

196 3091 358 3158 sterismos
375 3091 502 3175 quidem
521 3098 595 3156 ante
613 3092 701 3186 illam
719 3098 857 3157 aetatem
879 3093 912 3156 in
931 3113 1009 3168 eam,
1028 3113 1122 3174 quam
1140 3091 1284 3175 Hyginus
1303 3092 1461 3175 cognitam
1478 3090 1585 3167 habet,
1603 3089 1741 3156 formam

196 3199 341 3264 redactos
364 3220 432 3264 esse
454 3220 551 3283 supra
572 3199 819 3265 intellexerimus
842 3223 869 3265 v.
894 3199 1120 3283 Prolegcmena
1142 3222 1171 3283 p.
1195 3197 1245 3263 35.

285 3430 319 3497 ⁸⁰)
337 3429 449 3486 Leviori
477 3430 585 3485 cuidam
613 3435 774 3500 argumento
806 3430 835 3484 in
867 3430 1045 3485 adnotatione
1077 3431 1176 3485 saltem
1205 3429 1280 3485 locus
1309 3429 1500 3484 concedendus
1528 3444 1589 3482 esse
1618 3428 1739 3484 videtur.

162 3546 165 3552 ·
196 3519 376 3574 Phaethontis
403 3519 526 3575 fabulam
555 3520 649 3589 paullo
672 3520 756 3575 latins
780 3520 906 3590 exponit,
932 3536 1012 3590 quam
1041 3522 1114 3591 apud
1138 3521 1349 3576 Eratosthenem
1377 3519 1491 3574 invenit.
1523 3518 1628 3574 Astrol.
1653 3520 1741 3575 1142

196 3611 241 3676 (=
260 3609 361 3664 Catast.
381 3607 477 3680 fragm.
498 3611 590 3664 XLIII
608 3628 634 3679 p.
655 3611 720 3676 195,
740 3612 863 3677 19-22)
888 3610 921 3664 de
944 3626 998 3678 quo
1017 3611 1205 3679 complures
1228 3611 1404 3674 dixerant,
1428 3615 1460 3662 at
1479 3609 1573 3677 patrae
1590 3608 1742 3663 trucicata·

197 3714 285 3767 aas.
309 3697 386 3768 atqui
410 3699 525 3756 eandem
549 3699 681 3754 historiae
705 3699 819 3754 formam
843 3699 877 3754 ab
897 3700 1005 3770 Hygino
1025 3699 1109 3754 etiam
1132 3699 1162 3753 in
1182 3699 1294 3754 Fabulis
1315 3700 1366 3755 152
1384 3699 1520 3769 prolatam
1540 3713 1601 3752 esso
1620 3697 1678 3752 iam
1697 3699 1740 3753 in·

196 3786 363 3843 telleximus.
391 3787 485 3858 itaque
508 3788 532 3844 si
555 3789 679 3845 Fabulae
703 3796 768 3844 ante
787 3789 972 3859 AstrologIam
992 3789 1084 3844 editae
1102 3788 1231 3855 fuissent,
1256 3788 1381 3859 Hyginus
1403 3787 1433 3842 ni
1451 3787 1536 3842 fallor
1554 3787 1599 3842 hic
1620 3804 1741 3857 quoqne,

197 3877 357 3933 sicnt1112
374 3884 401 3932 et
418 3878 459 3943 17,
479 3877 513 3930 ad
534 3894 610 3933 suurn
630 3879 730 3933 librum
750 3880 868 3934 lectores
886 3880 1039 3949 relegasset
1058 3885 1086 3934 et
1104 3879 1145 3933 ita
1162 3879 1222 3933 fere
1241 3876 1410 3947 scripsIsset:
1430 3876 1463 3932 tte
1482 3893 1536 3944 pue
1554 3882 1580 3934 et
1599 3877 1652 3931 alii
1667 3893 1741 3932 cem-

194 3969 290 4036 ptaree
308 3972 334 4021 et
351 3983 402 4021 aee
421 3967 549 4021 dirimas.
