3894 5708
199 349 264 417 238

196 531 300 597 rismis
327 537 597 609 commemoretur,
624 553 705 615 quae
734 529 791 597 sub
815 529 945 615 Virgine
968 529 1014 596 IX
1037 528 1198 616 leguntur,
1226 552 1264 597 ea
1291 555 1329 598 ex
1356 526 1539 615 Theogonis
1561 554 1588 596 v.
1611 526 1675 597 901
1703 534 1737 597 et

197 638 353 721 Operibus
381 661 407 703 v.
432 638 510 715 256,
538 661 600 722 quo
628 641 661 703 in
687 661 778 704 versu
805 638 978 724 παρθένος
1005 639 1171 704 falsissime
1198 640 1239 704 ad
1266 641 1353 704 sidus
1380 639 1511 706 Hesiodi
1537 638 1736 724 temporibus

196 766 323 829 prorsus
352 748 492 829 ignotum
519 745 704 823 referretur,
732 748 919 846 deprompta
946 768 1012 811 esse
1040 747 1107 811 dixi
1135 747 1167 810 in
1196 746 1454 813 adnotationibus
1481 748 1522 813 ad
1546 747 1736 814 Oatasteris-

196 875 318 918 morum
346 851 523 936 fragmenta
549 876 579 938 p.
605 855 654 919 82.
687 860 851 919 restantt
852 875 902 919 res
930 854 1056 919 fabulae
1084 854 1123 918 de
1152 854 1236 919 Ursa
1262 855 1419 919 maioreI
1447 854 1528 940 (Cat
1551 855 1589 919 fr.
1612 878 1642 939 p.
1666 854 1737 942 50),

197 958 237 1024 do
263 959 373 1023 Phrixi
400 962 498 1025 ariete
526 961 602 1025 XIX
631 961 777 1048 (ibidp.
804 963 894 1047 12,4)
923 963 962 1026 de
990 962 1105 1026 Orione
1133 962 1255 1026 XXXII
1282 962 1371 1046 (ibid.
1399 985 1429 1047 p.
1459 963 1595 1048 teme
1578 961 1737 1046 equibus

196 1067 311 1151 prima,
339 1068 470 1150 siquae
498 1068 574 1145 alia,
601 1090 685 1134 mere
709 1070 852 1134 sideralis
876 1068 1054 1133 fabulat
1006 1075 1067 1146 est3
1096 1070 1243 1134 utenirn
1270 1069 1385 1134 Ursam
1412 1070 1486 1134 inde
1513 1069 1633 1134 abt
1578 1075 1633 1134 ant
1634 1070 1736 1152 iquis-

196 1175 282 1239 simis
315 1174 508 1257 temporibus
537 1174 666 1240 Graecis
693 1183 800 1241 notem
832 1175 928 1240 fuisse
955 1181 1091 1253 constat,
1124 1177 1170 1240 ita
1197 1176 1346 1242 Callistus
1355 1179 1382 1262 2)
1415 1177 1580 1243 historiam
1611 1198 1739 1261 semper

197 1303 266 1346 cum
288 1282 348 1347 hoe
371 1282 473 1346 sidere
496 1284 693 1348 coniunctam
717 1283 813 1348 fuisse
835 1305 937 1368 neque
960 1305 1148 1367 quemquam
1171 1284 1210 1349 de
1229 1283 1399 1351 Callistone
1422 1287 1455 1349 in
1474 1285 1590 1350 Ursam
1611 1290 1739 1350 mutata

197 1391 312 1455 dixisse
340 1390 464 1474 opinor,
498 1393 572 1473 quin
601 1392 683 1456 inter
710 1392 815 1457 sidera
841 1412 910 1456 eam
937 1391 1073 1456 relatam
1101 1413 1167 1457 esse
1196 1393 1336 1457 adderet.
1378 1393 1462 1456 idem
1489 1392 1521 1456 in
1549 1393 1699 1459 Orionem
1708 1392 1738 1478 8)

197 1497 294 1572 cadit,
319 1497 414 1561 immo
437 1501 473 1559 ut
496 1497 593 1561 Orion
617 1497 738 1581 Scorpii
762 1501 826 1563 ictu
850 1500 970 1563 occisus
993 1520 1060 1563 esse
1083 1499 1255 1576 diceretur,
1282 1499 1363 1564 nihi]
1386 1500 1473 1564 aliud
1497 1522 1591 1583 quam
1612 1501 1737 1564 utrius·

161 1636 163 1641 v
196 1625 257 1687 que
284 1603 396 1668 sideris
424 1604 455 1667 in
484 1605 570 1668 caelo
597 1606 711 1689 positio
735 1628 830 1670 causa
853 1605 920 1669 fuit.
953 1627 1054 1688 neque
1077 1605 1137 1671 hoc
1158 1606 1241 1690 fugit
1264 1606 1409 1671 Carolum
1434 1606 1627 1671 Odefredum
1649 1605 1736 1670 Miil-

198 1711 306 1788 lerum,
329 1711 384 1793 qui
407 1712 501 1775 etiam
519 1714 666 1795 priorem,
689 1714 820 1796 quaein
841 1714 957 1797 Aegaei
976 1716 1072 1778 maris
1092 1713 1200 1777 insulis
1219 1713 1321 1778 lecum
1338 1714 1444 1790 habet,
1468 1712 1593 1779 fabulae
1611 1719 1738 1799 partem

198 1841 235 1884 ex
267 1819 379 1884 sideris
404 1826 498 1889 brtus
525 1840 713 1903 occasusque
747 1820 942 1904 temporibus
969 1820 1130 1905 praeclare
1159 1821 1312 1886 derivavit
1298 1821 1372 1885 tin
1401 1822 1529 1904 egregia
1555 1821 1595 1886 de
1618 1820 1738 1886 Orione

198 1925 418 2010 disputatione,
442 1947 522 2010 quae
544 1928 679 2008 primum
702 1927 803 1993 Musei
822 1928 967 1993 Rhenani
990 1928 1139 1992 volumini
1164 1929 1195 1993 lI
1213 1930 1308 2012 p
1309 1929 1468 2006 .inserta,
1490 1930 1589 1992 tum
1581 1951 1613 1993 ιιι
1632 1928 1738 2012 Opus-

197 2032 275 2098 culis
297 2033 380 2116 IIp.
403 2035 439 2097 11
444 2034 587 2098 3-133
610 2036 746 2118 repetita
769 2041 825 2100 est.
859 2036 1000 2118 atquod
1024 2037 1107 2099 idem
1131 2034 1333 2119 Scorpionem
1356 2034 1487 2100 Hesiodi
1510 2041 1615 2100 aetate
1634 2033 1737 2100 Grae-

197 2142 241 2206 cis
269 2145 376 2206 notum
404 2140 500 2206 fuisse
527 2149 583 2206 aut
569 2142 693 2208 thano
715 2144 754 2207 de
777 2143 902 2209 Orionis
925 2148 1026 2207 morte
1053 2145 1268 2208 narrationem
1290 2149 1364 2208 aute
1387 2148 1524 2209 aetatem
1546 2142 1740 2208 Alexandri-

197 2269 270 2313 nam
293 2252 394 2312 0rtam
424 2269 490 2314 esse
513 2255 620 2332 negat,
648 2251 681 2315 id
708 2250 794 2314 nulle
818 2251 910 2316 modo
934 2272 954 2314 a
975 2272 1025 2315 me
1049 2251 1219 2334 impetrare
1242 2253 1381 2334 pessum,
1409 2257 1445 2316 ut
1473 2252 1606 2316 credam
1638 2250 1739 2335 quid?

196 2355 423 2420 lucidissimum
450 2378 550 2438 paene
577 2379 615 2422 ac
641 2357 884 2441 pulcherrimum
916 2358 1014 2422 totius
1045 2357 1198 2441 sphaerae
1225 2358 1324 2435 sidus,
1357 2357 1444 2423 cuius
1472 2358 1620 2442 splendor
1645 2358 1740 2423 navi-

197 2465 340 2547 gantium
366 2462 563 2547 potissimum
591 2464 696 2529 ocules
724 2465 772 2529 vel
799 2465 914 2529 invitos
943 2465 983 2529 ed
1011 2485 1043 2530 se
1067 2467 1235 2544 convertit,
1263 2467 1350 2530 cuius
1377 2464 1496 2548 figurae
1524 2465 1741 2548 singularitas,

196 2577 234 2637 ut
256 2593 325 2636 cum
349 2572 511 2653 scorpione
535 2578 743 2654 comparetur,
766 2573 849 2636 ultro
872 2572 999 2649 inritat,
1022 2594 1080 2658 per
1103 2579 1152 2638 tet
1174 2572 1299 2638 saecula
1321 2574 1458 2638 Graecos
1481 2571 1612 2657 fugisse,
1635 2573 1742 2638 donec

197 2679 242 2743 eis
265 2699 285 2742 a
303 2677 469 2743 Chaldaeis
493 2679 584 2743 simul
604 2701 674 2744 eum
693 2681 805 2744 ceteris
824 2679 966 2763 signiferi
986 2681 1084 2762 signis
1106 2681 1345 2747 ostenderetur?
1372 2703 1430 2746 nec
1447 2681 1563 2745 rectius
1582 2679 1741 2746 Miillerus

197 2786 279 2851 hano
316 2786 449 2850 duorum
485 2786 623 2851 siderum
660 2788 700 2851 ad
737 2808 833 2851 unam
868 2786 1033 2852 historiam
1074 2789 1323 2854 coniunctionem
1364 2788 1405 2854 ab
1446 2788 1742 2872 antiquissimorum

197 2900 374 2977 temporum
392 2893 518 2975 ingenio
535 2894 672 2959 ahenam
690 2895 962 2978 recentiorumque
980 2895 1083 2960 lusum
1102 2917 1168 2960 esse
1187 2895 1354 2960 existimat.
1386 2916 1459 2958 nam
1478 2895 1565 2960 aliud
1583 2899 1670 2959 certe
1689 2900 1742 2958 est

197 3001 332 3065 traditas
355 3000 493 3065 siderum
519 2999 636 3085 figuras
663 3001 706 3067 ιιι
733 3008 820 3067 certa
845 3008 1009 3087 poetarum
1032 3010 1209 3068 commenta
1231 3023 1392 3079 revocare,
1418 3002 1507 3068 alind
1534 3003 1740 3084 exipsorum

198 3108 336 3174 siderum
354 3113 483 3192 aspectu
502 3108 625 3174 fabulas
641 3130 756 3175 creare.
784 3108 843 3174 hoo
862 3109 1003 3174 fecerunt
1016 3109 1182 3194 Hermippi
1201 3116 1233 3174 et
1248 3109 1501 3192 Hegesianactes,
1520 3110 1574 3193 qui
1592 3109 1743 3174 tabulam

198 3216 362 3282 caelestem
385 3215 531 3286 manibus
556 3221 698 3282 tenentes
722 3217 862 3282 camnine
884 3218 1094 3282 condiderunt
1121 3218 1250 3301 eiusque
1278 3215 1386 3301 liguris
1410 3217 1649 3300 explicationem
1674 3237 1741 3282 non

198 3360 410 3369 b-——m

286 3430 306 3497 ⁹)
326 3429 473 3491 Hesiodus,
498 3446 559 3484 cum
578 3431 762 3485 Eratosthene
781 3437 852 3485 teste
872 3430 1051 3486 callistenen
1069 3430 1205 3500 Lycaonis
1223 3429 1308 3485 filiam
1328 3430 1413 3485 fuisso
1433 3430 1599 3496 narraverit,
1623 3446 1741 3499 prorsus

198 3517 254 3574 alia
272 3519 419 3574 tradidisse
439 3519 527 3573 fertur
545 3519 573 3572 in
592 3519 754 3589 Apollodori
773 3519 943 3575 bibliotheca
958 3521 1038 3586 1118,
1053 3522 1119 3587 2,2.
1152 3513 1283 3589 Εὔμηλος
1302 3518 1331 3573 dl
1351 3521 1400 3574 καί
1418 3538 1492 3584 τινες
1512 3514 1604 3590 ἕτεροι
1619 3516 1740 3589 λέγουσι

117 3598 119 3603 ’
197 3603 323 3664 Λυκάονι
346 3611 394 3663 καὶ
418 3604 565 3680 θυγατέρα
591 3605 740 3663 Καλλιστὼ
764 3607 913 3679 γενέσθαι·
935 3603 1061 3674 Ἡσίοδος
1083 3609 1137 3676 μὲν
1161 3606 1217 3682 γὰρ
1240 3605 1327 3679 αὐτὴν
1349 3611 1417 3678 μίαν
1435 3613 1493 3664 τῶν
1511 3612 1628 3678 νυμφῶν
1649 3605 1741 3680 λέγει,

198 3689 284 3762 deror
307 3696 337 3753 dl
362 3694 508 3762 Νυκτέως,
536 3693 698 3769 Φερεκύδης
722 3696 750 3752 a
777 3696 900 3767 Κητέως.
924 3697 978 3767 μιν
1001 3695 1057 3769 γὰρ
1080 3700 1248 3769 particulae,
1272 3700 1307 3754 de
1326 3699 1425 3769 quibus
1444 3699 1502 3754 dixi
1520 3700 1555 3754 de
1574 3699 1743 3768 Apollodori

197 3786 263 3842 bibl.
283 3804 310 3856 p.
330 3790 364 3843 62
383 3789 444 3842 adn.
466 3789 493 3854 7,
516 3787 634 3857 probant
657 3805 687 3842 re
706 3805 771 3843 vera
790 3788 987 3858 Apollodorum
1007 3788 1157 3844 credidisse
1176 3789 1250 3859 apud
1267 3789 1419 3845 Hesiodum
1438 3806 1489 3844 nec
1508 3789 1666 3859 Lycaonem
1685 3805 1742 3843 nec

197 3877 307 3932 omnino
321 3892 483 3946 quemqnam
500 3877 628 3933 Callistus
643 3883 750 3946 patrem
765 3877 868 3932 dictum
884 3893 952 3932 esse.
978 3894 1047 3946 quae
1063 3878 1213 3933 difficultas
1228 3879 1315 3933 tribus
1330 3880 1417 3934 modis
1433 3879 1546 3934 enodari
1564 3884 1664 3948 potest.
1689 3887 1743 3932 aut

198 3967 271 4022 enim
289 3967 471 4036 Apollodorus
491 3967 525 4021 ad
545 3965 620 4020 aliud
638 3966 753 4020 Hesiodi
772 3983 890 4032 carmen,
910 3967 939 4021 in
955 3984 1007 4036 qne
1019 3967 1148 4022 Callistus
1162 3968 1278 4023 historia
1292 3967 1391 4022 itemm
1406 3975 1519 4023 narrata
1534 3973 1601 4033 erat,
1620 3966 1743 4037 respicit

198 4073 222 4109 v.
243 4073 266 4109 c.
285 4056 320 4110 ad
340 4055 493 4125 Catalogos,
513 4062 560 4110 aut
579 4055 770 4126 neglegentius
790 4057 942 4126 excerpsit,
968 4057 996 4110 id
1016 4057 1088 4125 quod
1107 4057 1217 4126 saepius
1237 4057 1264 4112 ei
1282 4057 1385 4113 accidit
1404 4074 1485 4127 quarn
1505 4057 1585 4126 vulgo
1605 4056 1742 4124 creditur,

198 4152 246 4200 ent
264 4146 391 4214 denique,
411 4144 439 4199 id
459 4146 530 4213 quod
549 4145 616 4199 mihi
636 4145 754 4200 maxime
774 4145 889 4211 adridet,
909 4146 1017 4200 Eumeli
1033 4153 1061 4201 et
1075 4147 1189 4201 Hesiodi
1204 4146 1313 4201 nomina
1328 4146 1400 4201 inter
1414 4162 1443 4202 se
1459 4146 1652 4201 commutanda
1665 4151 1742 4199 sunt.

288 4236 308 4299 ³)
328 4235 403 4304 Quae
426 4234 561 4289 Diodorus
581 4237 672 4290 11185
695 4235 729 4291 de
748 4234 848 4289 Orione
872 4252 908 4289 ex
926 4236 1047 4290 Hesiodo
1066 4236 1170 4301 adfert,
1195 4254 1243 4291 cur
1266 4243 1295 4291 et
1318 4236 1378 4305 ipsa
1401 4235 1429 4290 in
1449 4234 1623 4291 Astronomia
1647 4234 1741 4288 locum

199 4322 327 4378 habuisse
345 4328 492 4393 nequeant,
511 4339 565 4378 non
584 4323 719 4392 adsequor
738 4324 773 4379 cf.
788 4324 884 4393 fragm.
901 4327 951 4380 186
966 4326 1127 4393 (Μιιιιιοιι.)
1141 4328 1194 4381 210
1209 4326 1338 4392 (Kinkel.)
1353 4325 1424 4380 nihil
1438 4325 1510 4380 enim
1525 4324 1650 4394 impedit,
1671 4322 1742 4392 quin

198 4413 257 4468 illic
280 4412 388 4468 Orionis
412 4430 455 4469 res
479 4412 617 4468 uberrime
639 4421 766 4469 narratas
788 4415 874 4468 fuisso
898 4415 1048 4484 opinemur.
1087 4417 1157 4485 quod
1181 4423 1272 4471 autern
1298 4416 1380 4471 Orion
1404 4413 1444 4481 εἰς
1467 4409 1592 4486 Εὔβοιαν
1614 4431 1741 4481 μετανα-

199 4506 298 4571 στῆναι
317 4497 405 4557 κάκεῖ
419 4507 587 4572 κατοικῆσαι
607 4503 716 4569 dicitur,
736 4503 772 4570 id,
792 4511 940 4573 antequam
956 4505 1053 4559 Chium
1069 4505 1182 4570 renuet,
1203 4505 1337 4560 accidisse
1356 4512 1459 4576 petest3
1478 4522 1541 4560 nam
1561 4502 1655 4558 statim
1675 4520 1741 4558 curn

199 4592 227 4646 in
241 4593 354 4647 Euboea
373 4594 466 4648 sedem
486 4593 680 4658 constituisset,
700 4610 762 4647 enm
781 4593 854 4648 inter
873 4594 965 4649 sidera
983 4595 1101 4670 relatum
1121 4610 1181 4649 esse
1200 4610 1235 4649 ne
1252 4594 1322 4649 dicit
1341 4594 1450 4663 quidem
1468 4594 1611 4650 Diodorus.
1641 4601 1741 4649 eontra

199 4697 233 4736 ex
257 4681 353 4736 SicilIa
378 4682 406 4736 in
429 4682 582 4749 Euboeam,
611 4699 644 4736 ex
668 4681 782 4737 Euboea
806 4683 902 4738 Chium
925 4683 1044 4752 migrare
1069 4684 1179 4753 egregie
1203 4684 1330 4738 convenit
1353 4685 1392 4749 ei,
1421 4684 1465 4738 cui
1487 4684 1633 4753 Neptunus
1656 4692 1742 4752 pater

200 4769 319 4838 dederit,
343 4779 374 4825 ut
396 4789 480 4842 snpra
502 4772 601 4826 fluetus
624 4771 780 4827 ambularet
803 4772 841 4840 (id
866 4773 938 4827 enirn
963 4780 1124 4828 narraverat
1142 4772 1301 4841 Hesiodus),
1325 4789 1375 4828 nee
1395 4772 1484 4827 minus
1503 4771 1626 4841 Neptuni
1649 4771 1740 4826 filium

199 4862 280 4916 decet
303 4861 377 4931 patri
400 4862 428 4916 in
448 4861 544 4916 Peloro
567 4861 754 4930 promunturio
778 4863 910 4931 templum
935 4863 1072 4918 dedicare.
1112 4862 1188 4917 vides
1207 4879 1288 4932 quam
1307 4863 1432 4933 adposite
1452 4861 1644 4917 astronomiae
1664 4861 1741 4931 freg-

199 4960 320 5007 mentum
339 4952 374 5006 ab
394 4951 577 5008 Eratosthene
596 4959 733 5006 servatum
754 4952 867 5007 DIodori
885 4953 1044 5007 narratione
1063 4952 1233 5023 suppleatur.
