3894 5708
285 330 386 430 Salon.
406 374 499 429 Genu.
519 372 551 428 G.
574 390 601 443 p.
622 374 681 441 175,
702 376 742 428 13.
1190 373 1322 427 llumuua
1341 374 1376 438 II,
1394 374 1438 428 32.
1625 374 1686 439 179

231 554 263 619 Α
282 554 473 636 quibusdam
495 572 568 619 vero
589 551 679 619 Goon
701 553 756 637 qui
779 559 811 618 ot
832 532 889 617 Niss
987 552 1080 617 Hunc
1111 552 1166 617 alii
1193 551 1314 629 Nilum,
1346 552 1521 635 complures
1549 553 1644 617 etiam

187 660 236 726 lus
263 682 331 727 esse
358 661 564 727 existimatur.
601 661 674 727 ideo
704 681 779 744 ergo
806 662 890 726 inter
943 660 1101 725 Ooeanum
1129 660 1285 724 dixeumt
1322 662 1377 744 qui
1403 666 1510 724 autem
1536 660 1643 725 Nilum

188 768 293 834 sidera
319 768 516 834 oonlooatum
544 768 663 845 lerunt,
694 769 843 852 quoniam
869 790 891 834 a
942 768 1053 832 volmit
1083 768 1202 844 vocari,
1233 773 1364 851 propter
1395 767 1643 851 magnitudinem

187 877 370 942 meridianis
410 877 556 960 pultibus
595 876 724 958 utrique
765 897 889 941 cursum
943 876 1010 940 eius
1046 881 1079 940 et
1114 874 1286 940 utilitatem
1321 875 1545 959 aequissimum
1576 896 1643 939 esse

159 982 325 1067 odirigere
352 985 394 1049 ad
420 1005 508 1049 mare
536 988 716 1049 cernuntur.
762 989 810 1048 est
832 1005 889 1048 au·
942 983 1168 1059 demonstrant,
1186 988 1351 1066 praeterea
1369 983 1452 1067 quod
1471 981 1555 1047 infra
1573 991 1688 1047 sumo

188 1097 251 1155 tem
287 1091 375 1156 sidus
411 1091 582 1156 multarum
622 1090 784 1156 stellarum
820 1091 888 1156 luce
942 1091 1097 1173 quaedam
1125 1089 1219 1154 stella
1245 1091 1288 1155 sit
1315 1089 1429 1154 elarius
1457 1091 1569 1154 ceteris
1596 1088 1644 1152 lu·

190 1206 390 1276 exomntnm,
422 1199 472 1263 oui
500 1198 642 1264 subiaoet
670 1197 775 1274 stolla,
807 1220 888 1280 quae
942 1218 1014 1262 aens
1045 1196 1171 1262 nomino
1198 1194 1342 1280 Canopos
1374 1197 1543 1280 adpellata.
1582 1194 1643 1260 Ga·

187 1312 317 1371 vomatur
349 1304 496 1371 Canobus
532 1305 697 1390 tangitque
733 1313 888 1370 temonem
941 1324 1041 1385 nopes
1069 1307 1174 1368 auctum
1201 1302 1310 1368 insu-lu
1337 1305 1468 1383 [Iuntina
1496 1303 1644 1368 oclluilur

188 1412 284 1477 navis.
317 1413 451 1496 adparet
477 1412 562 1477 enim
588 1412 778 1489 humillima,
806 1413 888 1477 unde
941 1411 1026 1477 Nilo.

140 1528 178 1582 10
188 1523 220 1583 et
242 1521 327 1584 eirca
347 1527 467 1586 temam
489 1540 556 1585 esse
578 1519 711 1584 videtur.

1260 1840 1308 1907 111,
1328 1842 1370 1895 31.

448 1931 585 1985 omittunt.
985 1947 1091 2013 Habet
1117 1953 1223 2012 autem
1251 1947 1358 2012 stellas
1386 1948 1418 2012 iu
1446 1948 1549 2031 prima
1571 1970 1641 2013 cur-

941 2062 1053 2120 vatura
1083 2054 1146 2131 III,
1178 2055 1211 2117 in
1243 2055 1381 2120 secunda
1408 2054 1469 2131 ΙΙΙ,
1500 2057 1574 2119 iem
1608 2057 1686 2120 iulo
1783 2063 1785 2067 ’

836 2188 839 2193 ·
940 2166 1036 2228 tortia
1064 2185 1161 2245 usque
1188 2164 1229 2226 ad
1257 2163 1459 2226 novissimum
1483 2163 1550 2227 Vll.
1575 2184 1641 2226 om-

940 2272 1015 2336 niuo
1038 2278 1086 2335 ost
1109 2269 1270 2334 stellarum
1294 2269 1379 2333 XIII.

177 2891 301 2948 1Geon:
323 2892 425 2948 Isidos.
447 2896 552 2964 Oriyin.
573 2893 659 2948 XIII
674 2898 718 2963 21,
740 2900 756 2948 7
780 2911 813 2949 aa
833 2894 885 2949 Go—
976 2910 1002 2949 14
1020 2900 1111 2948 autem
1131 2911 1181 2947 om.
1202 2894 1270 2949 MR.
1289 2894 1370 2947 tabet
1393 2894 1421 2948 V.
1463 2912 1489 2949 ia
1508 2893 1684 2948 novissimum

135 2983 205 3036 nesi
221 2986 250 3051 2,
265 2986 307 3036 13.
326 2989 443 3037 ceterum
462 2984 497 3050 cs.
514 2984 685 3053 Epimetrum
699 2985 723 3037 1.
765 3003 791 3040 ιο
810 2984 885 3039 uide·
939 2982 1061 3038 BMPR.
1082 2983 1256 3037 novissimam
1273 2982 1333 3038 GV.
1349 2982 1498 3037 novissima
1516 2983 1684 3038 llicnoknrua

134 3080 200 3126 tur:
220 3072 285 3140 lauit
302 3072 441 3140 φαίιῑεται,
462 3072 646 3140 corruptelam
663 3074 818 3141 Epitomae.
940 3089 974 3127 aa
997 3072 1130 3126 Ulitiuno.
