3894 5708
299 379 399 432 Scson.
419 378 511 432 (ἕω.
531 378 562 432 (Ι,
582 397 608 447 p.
632 379 688 440 158,
708 380 731 434 7.

234 556 339 622 Habet
361 565 465 622 autem
489 558 596 622 stellas
615 560 647 621 in
667 561 799 642 singulis
817 583 885 625 eor-

188 663 280 728 nibus
303 664 349 738 11,
376 665 409 727 in
432 665 561 729 nuribus
585 666 700 731 clarum
725 667 752 743 Ι,
776 667 808 731 in
832 690 884 731 tui-

188 771 253 853 pite
276 771 321 847 ΙΙ,
345 771 403 836 sub
426 771 507 837 collo
533 772 560 848 Ι,
583 774 616 836 in
640 782 766 855 pectore
791 773 831 849 ΙΙ,
854 775 885 837 in

188 879 446 962 ariter-iuri,1›0‹lo
470 878 498 954 Ι,
526 882 558 942 in
586 881 766 945 summitate
790 882 886 963 ipsius

161 985 278 1067 opedis
301 986 326 1062 Ι,
348 987 381 1049 in
405 986 498 1060 dorso
520 986 588 1063 VII,
611 989 642 1051 in
667 995 774 1051 ventre
797 988 830 1064 V,
855 991 885 1052 in

190 1093 308 1156 caudae
332 1099 472 1157 extremo
496 1093 596 1157 clarus
617 1093 655 1157 II.
688 1103 761 1159 sunt
780 1119 887 1161 omnes

189 1197 300 1262 XXVI.

431 1538 456 1588 p.
477 1522 536 1584 158,
556 1525 598 1573 22.

144 1636 178 1688 lo
232 1626 435 1709 Sagittarium
447 1629 884 1696 nonnulliCeritnnmmluisse

187 1738 352 1798 autumant
365 1742 495 1818 propter
509 1738 624 1819 equino
633 1758 733 1801 crureu
757 1739 883 1821 quidum

186 1849 316 1924 negant,
348 1841 487 1909 dicontcs
515 1866 684 1928 numquam
711 1844 883 1908 Centrums

187 1947 319 2028 sagittas
346 1971 419 2014 usos
442 1950 546 2016 fnisse.
593 1950 755 2016 Sositheus
777 1957 883 2015 autom

187 2053 274 2118 illum
302 2056 449 2122 adfirmat
472 2056 570 2122 filium
595 2058 754 2123 Musarum
778 2058 882 2124 luisse.

177 3944 254 3998 Dedi
270 3962 303 3998 eu
322 3944 350 3998 S.
371 3963 420 3997 om
442 3945 474 3997 (ἲ

178 4053 228 4088 ns
256 4032 366 4087 debebat
399 4035 424 4087 in
453 4034 567 4103 singulis
595 4035 722 4089 cornibus
749 4033 880 4101 singulas.

136 4143 149 4180 τ
174 4122 278 4176 XXVI:
299 4123 409 4176 debebat
428 4123 526 4186 XXIV,
547 4124 602 4176 nisi
618 4124 736 4192 sinpolis
754 4123 882 4176 cornibus

136 4212 223 4265 Muris
240 4212 332 4264 stellas
347 4227 401 4279 pro
419 4210 537 4280 stupui-rs
555 4212 698 4265 inbuisset.

1186 381 1317 433 lisoisus
1335 381 1369 443 ΙΙ,
1389 382 1430 433 ⁸27.

1619 382 1676 446 151

984 560 1044 624 Hic
1067 558 1164 624 habet
1186 559 1234 642 (in
1256 559 1387 641 singulis
1409 559 1555 624 cornibus
1575 559 1638 624 sin-

940 666 1054 753 gulas),
1074 666 1104 729 in
1124 686 1200 730 nuso
1219 665 1343 730 stellam
1357 665 1381 742 Ι,
1401 667 1447 750 (in
1467 667 1569 748 capito
1584 665 1639 749 II),

940 773 1024 837 infru
1047 773 1181 838 oci'ricos
1204 773 1229 849 Ι,
1252 773 1283 837 in
1308 778 1434 856 pectore
1458 773 1500 849 ΙΙ,
1522 775 1555 837 in
1573 774 1638 855 pri-

940 902 994 944 ore
1018 882 1098 962 perio
1112 878 1136 955 I,
1160 880 1192 944 in
1217 901 1338 944 summo
1362 881 1472 945 eodem
1495 880 1637 955 alteram,

941 989 972 1050 in
1002 987 1216 1069 intersoapilio
1240 986 1314 1063 VII,
1346 989 1377 1050 in
1407 993 1515 1052 ventre
1538 988 1575 1065 V,
1603 989 1636 1051 in
1664 999 1682 1050 ὁ

940 1095 1040 1158 cruda
1059 1093 1098 1156 II.
1132 1095 1258 1157 omnino
1277 1100 1325 1158 ost
1343 1096 1505 1159 stellarum
1524 1094 1637 1158 XXIV.

1259 1523 1292 1585 II,
1313 1524 1355 1576 27.

984 1631 1073 1695 Hunc
1097 1631 1272 1714 complures
1290 1629 1481 1695 Centaurum
1501 1652 1568 1693 esso
1587 1630 1633 1694 di·
1646 1640 1679 1692 10
1690 1628 1749 1681 XX
1755 1629 1837 1682 VIII.

937 1743 1063 1813 xerunt3
1086 1738 1141 1801 ulii
1164 1745 1269 1802 zeutem
1289 1738 1348 1801 hac
1366 1738 1406 1801 dc
1425 1757 1518 1801 ceusu
1537 1757 1632 1819 negu-

938 1852 1062 1920 vmnnt,
1090 1845 1174 1926 qnod
1197 1865 1287 1908 nomo
1311 1843 1485 1908 Centaurus
1507 1844 1633 1924 sagittis

938 1952 979 2015 sit
1002 1973 1084 2015 usus.
1127 1950 1179 2015 hic
1201 1957 1306 2014 autem
1329 1950 1500 2031 (puisentur,
1523 1972 1578 2014 cur
1601 1972 1633 2013 o·

937 2059 1040 2141 quinis
1050 2057 1194 2122 cruribus
1203 2060 1245 2121 sit
1255 2057 1449 2122 ‹losonnutus
1458 2062 1491 2120 et
1500 2058 1633 2121 candum

936 2164 1053 2228 haheat
1073 2171 1107 2228 ut
1121 2163 1234 2248 Satyri.
1267 2165 1376 2228 dicunt
1395 2163 1476 2228 enim
1492 2164 1632 2227 nonnulli
1647 2173 1679 2226 15

936 2270 1019 2335 hunc
1046 2294 1113 2336 osse
1137 2271 1267 2335 Crotum
1291 2270 1428 2345 nomine,
1457 2268 1635 2352 Euphemes

938 2378 1099 2442 Musarum
1110 2377 1239 2441 nutricis
1251 2375 1359 2453 lilium,
1368 2384 1404 2440 ut
1414 2377 1461 2440 uit
1470 2374 1634 2441 Sositheus

936 2486 1170 2568 trogomliurum
1185 2485 1326 2567 scriptor.
1356 2504 1427 2547 eum
1441 2483 1634 2547 domicilium

935 2592 968 2656 in
1000 2597 1105 2655 monto
1138 2591 1289 2656 IIoIicons
1321 2589 1468 2654 habuisse
1500 2594 1533 2653 et
1564 2610 1635 2653 cum

935 2697 1035 2763 thsis
1054 2698 1180 2762 solitum
1201 2697 1360 2772 delectori,
1384 2717 1445 2760 non
1466 2706 1679 2779 numquum20

935 2804 1031 2870 etiam
1046 2805 1151 2869 studio
1167 2803 1341 2870 venationis
1356 2802 1503 2868 exerceri.
1527 2802 1633 2886 itaquo

935 2934 992 2995 pro
1016 2912 1128 2976 merIta
1151 2911 1317 2994 diligentia
1340 2929 1486 2991 maguam
1508 2909 1633 2973 laudem

935 3019 1130 3093 adsecutum3
1150 3040 1222 3082 num
1241 3022 1274 3081 et
1288 3015 1484 3079 celerrimum
1500 3018 1532 3080 in
1548 3015 1633 3081 silvis

934 3131 967 3189 et
993 3126 1207 3190 ocutissImum
1236 3123 1269 3187 in
1297 3124 1393 3186 musis
1417 3122 1534 3187 fuctum
1557 3144 1633 3188 esso

933 3255 991 3316 pro
1015 3255 1076 3315 quo
1100 3234 1205 3298 studio
1228 3229 1313 3294 illius
1331 3229 1447 3311 petisse
1467 3229 1573 3293 Musas
1591 3228 1677 3293 obss

935 3339 1020 3415 Iove,
1051 3345 1088 3403 ut
1119 3341 1151 3403 in
1160 3326 1290 3420 'aliquo
1321 3342 1477 3401 astrorum
1505 3355 1634 3400 numero

934 3446 1176 3520 ‹Iosormuretur3
1221 3445 1329 3526 itaquo
1366 3444 1474 3508 lovem
1515 3441 1634 3518 fecisse,

935 3562 968 3618 et
994 3575 1064 3617 oum
1088 3553 1194 3617 omnia
1216 3551 1300 3615 illius
1323 3548 1459 3616 artificis
1479 3572 1543 3614 uno
1566 3570 1634 3614 cor-

935 3680 1010 3741 poro
1026 3660 1120 3723 vellet
1134 3656 1320 3741 significare,
1336 3679 1428 3722 crura
1442 3658 1509 3721 eius
1518 3658 1635 3739 equina

935 3765 1054 3841 fecisse,
1078 3765 1160 3849 quod
1180 3786 1260 3849 equo
1279 3765 1411 3828 multum
1430 3764 1471 3827 sit
1491 3784 1579 3839 usus,
1602 3767 1679 3826 esso

971 3961 990 3996 ι.
1019 3960 1031 3996 s
1061 3945 1088 3994 iu
1121 3942 1236 4011 singulis
1265 3941 1391 3996 cornibus
1419 3940 1541 4007 singulus
1569 3938 1678 3992 addidi.

935 4050 947 4085 s
967 4031 994 4083 in
1013 4030 1105 4099 capite
1122 4032 1145 4083 II
1161 4031 1267 4084 reddidi.
1306 4048 1316 4085 r
1336 4045 1439 4083 summo
1458 4029 1569 4095 scripsi:
1588 4027 1679 4096 priore

936 4119 1011 4187 libri,
1035 4119 1110 4187 quood
1134 4134 1167 4171 ec
1187 4117 1415 4187 praecedeuh'bus
1431 4131 1517 4183 prore
1535 4118 1680 4183 repetitum

935 4214 981 4261 est.
1024 4214 1113 4276 opust
1133 4208 1286 4261 stellarum:
1306 4206 1372 4259 ordo
1391 4204 1425 4258 R.
1464 4204 1554 4257 XXIV
1574 4204 1679 4271 scripss'.

936 4297 1027 4352 XXVI
1047 4296 1139 4350 ΒΘΗ.
1178 4296 1230 4350 XX
1250 4295 1338 4363 rupo.

970 4404 1035 4442 sess
1059 4385 1153 4455 itaque
1182 4400 1231 4454 pro
1259 4382 1357 4437 merita
1385 4382 1530 4451 diligentis
1553 4397 1679 4449 magnum

936 4475 1044 4530 laudem
1064 4475 1237 4530 adsecutum:
1258 4471 1321 4541 lepis
1340 4466 1539 4540 ἐπισημασίαις
1558 4466 1679 4523 ἐπαινεῖ-

936 4568 1013 4618 σθαι.
1077 4570 1141 4619 sset
1162 4563 1201 4617 G:
1219 4568 1250 4615 ut
1272 4561 1361 4614 ceteri.
1389 4567 1418 4616 et
1435 4559 1608 4614 scribendum
1626 4574 1681 4613 esse

937 4654 993 4706 ium
1013 4653 1167 4717 Scbefferns
1185 4649 1325 4704 intellexit.
1384 4666 1491 4718 scoquo
1510 4650 1624 4703 multum
1643 4646 1681 4701 sit

937 4760 1013 4797 usus:
1033 4758 1103 4810 equo
1122 4726 1206 4794 mulio
1225 4747 1301 4794 sotus
1321 4746 1394 4793 esset
1413 4738 1445 4792 n.
1462 4743 1478 4791 1
1493 4754 1525 4791 m.
1548 4735 1680 4804 peccoris

937 4848 1037 4884 tironus
1056 4831 1174 4883 correxit
1176 4832 1191 4896 )
1229 4845 1299 4897 equo
1319 4829 1362 4883 vel
1383 4828 1455 4882 mulo
1474 4832 1588 4881 venetus
1608 4832 1681 4880 esset

937 4921 1079 4989 tensptarit
1096 4918 1266 4971 Bursiunos.

1697 1718 1819 1787 Supina·

1722 1825 1787 1862 rues.
