3894 5708
294 357 356 419 122
513 356 652 409 Emona.

334 532 522 619 βανομένήν
549 525 634 616 πρὸς
661 525 701 598 τά
724 558 758 617 pr
790 558 874 618 γνω-

336 645 460 724 σθῆναι
486 646 795 726 μεταμορφωθῆναι
819 643 876 706 καὶ

333 744 492 828 γενέσθαι
506 743 622 810 ἵππον.
648 738 701 811 διά
715 755 798 831 χοῦν
812 740 875 834 τήν

335 842 504 931 εὐσέβειαν
537 844 638 939 αὐτῆς
664 876 701 918 τε
729 856 786 919 καὶ
812 863 875 920 τοῦ

307 950 461 1041 ῦπατρός
484 951 541 1022 ὑπ’
561 951 745 1043 Ἀρτέμιδος
769 960 814 1038 εἰς
832 953 874 1025 τά

335 1056 439 1147 άοτρα
454 1068 604 1150 τεθῆναι,
624 1056 710 1131 ὅθεν
727 1074 777 1151 τῷ
792 1070 873 1131 Κεν-

333 1165 447 1254 ταύρῳ
467 1162 527 1255 οὐχ
546 1164 649 1258 ὁρατή
669 1171 768 1238 ἐστιν.
798 1174 873 1238 Xcl-

334 1298 405 1359 ρααν
414 1267 476 1359 γάρ
491 1276 620 1360 λέγεται
633 1274 718 1343 εἶναι
732 1277 870 1356 ἐκεῖνος’

334 1373 375 1444 τά
400 1381 433 1445 ‹li
458 1375 601 1448 ὀπίσθια
619 1384 701 1471 μέρη
720 1378 820 1470 αὐτῆς
839 1377 873 1449 ά-

290 1497 324 1549 10
334 1495 424 1573 φανῆ
448 1487 516 1553 ἐστὶ
540 1483 625 1575 πρὸς
647 1484 686 1555 τά
710 1484 749 1575 μά
776 1487 873 1576 γινώ-

335 1600 476 1659 σκεσθαι
500 1593 642 1681 θήλειαν
666 1585 779 1663 οὖσαν.

373 1693 457 1784 Ἔχει
490 1702 525 1765 δὲ
558 1694 697 1787 άστέρας
730 1702 785 1769 ἐπὶ
812 1714 874 1771 τοῦ

332 1803 473 1891 ῥύγχους
512 1805 546 1888 β’
589 1800 772 1893 άμαυροάς,
818 1810 874 1876 ἐπὶ

333 1920 390 1998 τῆς
412 1919 560 2000 κεφαλῆς
579 1911 609 1978 α’
628 1912 794 2001 λαμπράν,
818 1917 873 1983 ἐπὶ

291 2029 322 2080 15
332 2026 390 2105 τῆς
410 2015 564 2102 σιαγόνος
579 2018 620 2101 α’,
639 2014 692 2103 ἐφ’
712 2018 872 2109 ἑκατέρου

333 2117 437 2189 αἰτίου
467 2119 618 2210 άμαυρὸν
651 2125 691 2207 α’,
724 2127 780 2194 ἐπὶ
811 2139 873 2196 τοῦ

331 2227 497 2316 τραχήλου
517 2230 557 2311 ά,
581 2223 631 2297 οἷν
649 2226 711 2299 τάν
729 2230 815 2320 πρὸς
833 2244 873 2319 τῇ

332 2341 461 2420 κεφαλῇ
480 2336 723 2425 λαμπρότερον,
743 2341 798 2406 ἐπὶ
811 2351 873 2407 τοῦ

332 2436 426 2526 ὤμου
445 2440 485 2523 a',
509 2444 565 2510 ἐπὶ
588 2443 735 2533 στήθους
754 2445 794 2527 α’,
818 2448 874 2514 ἐπὶ

287 2544 458 2633 ἳθράχεαας
476 2547 517 2630 α’,
537 2545 588 2617 e'a'
607 2545 763 2637 ὀμφαλοῦ
781 2550 871 2638 ἔσχα-

331 2677 393 2719 τον
420 2649 575 2743 λαμπράν
599 2655 640 2738 α’,
668 2652 724 2724 ἐπ’
752 2659 872 2746 ἐμπρο-

333 2763 442 2827 σθίων
469 2760 625 2846 γονάτων
647 2762 688 2847 β’,
717 2760 774 2849 ἐφ’
798 2764 871 2833 iaa-

331 2867 429 2952 τέρας
444 2861 530 2934 ὅπλα·
531 2895 548 2946 ς
562 2867 601 2935 α’.
635 2866 729 2959 (τοὺς
742 2870 872 2952 πάντας

331 2970 399 3060 οἵ)

322 3204 355 3241 ιν.
370 3204 396 3242 13
417 3183 463 3241 ἐπὶ
482 3192 532 3242 τοῦ
551 3185 671 3258 ῥύγχους
688 3194 801 3260 scripsi:
824 3190 876 3253 ἐπὶ

286 3278 335 3342 τῆς
362 3271 471 3346 ῥάχεως
495 3277 564 3331 libri.
620 3295 645 3335 15
666 3277 710 3348 ἐφ’
731 3277 870 3353 ἑκατέρου

286 3357 372 3417 altior
386 3365 499 3432 ecrepsi:
513 3362 558 3430 ἐφ’
569 3362 697 3442 ἑκατέρῳ
712 3365 787 3442 cleia
800 3371 869 3425 libri.

286 3469 312 3506 io
331 3446 474 3522 ἀμαυρὸν·
497 3451 628 3526 λαμπρὸν
647 3458 770 3526 Ιοφαντιαλ
788 3461 869 3514 schol.

288 3539 378 3594 Gerra,
434 3537 480 3595 ἐπὶ
513 3548 562 3597 τοῦ
591 3541 732 3615 τραχήλου
759 3549 871 3616 scripsi:

286 3623 333 3681 ἐπὶ
352 3633 392 3701 τῷ
411 3626 541 3704 τραχήλῳ
561 3633 630 3686 libri.
707 3652 740 3692 rs.
761 3653 787 3691 ee
805 3633 870 3701 τοὺς

286 3711 393 3781 πάντας
412 3715 447 3787 ιη’
468 3721 533 3774 adel.
554 3721 658 3777 Fellas.
687 3731 785 3778 eontra
806 3726 868 3780 Oct-

286 3804 351 3859 dias
372 3808 438 3873 fast.
454 3808 510 3861 III
521 3813 578 3863 458
600 3813 691 3866 acacio
715 3830 793 3880 φναν
817 3833 868 3868 aa·

286 3899 385 3948 ctorem
403 3904 512 3951 secutas
529 3900 635 3953 caritot:

955 358 1056 412 Scaea.
1077 360 1165 411 Acer.

993 535 1130 586 orttittant.

990 1702 1129 1755 omittant.

322 3990 350 4037 et
363 3984 467 4039 nitidus
482 3988 571 4042 steffls
586 3988 706 4058 quinque
716 3991 866 4061 decemque
885 3995 977 4048 micat.

1319 359 1420 410 Somou.
1439 356 1532 410 Gauri.
1551 356 1603 410 BP.
1624 373 1650 424 p.
1672 357 1715 420 79,
1734 359 1759 410 9.

1247 536 1398 618 pictatem
1422 534 1526 598 Diana
1553 533 1648 598 astris
1671 534 1789 609 intulit,

1246 640 1331 704 undo
1355 638 1513 705 Centauro
1540 662 1603 705 uon
1626 640 1788 724 adpareat

1247 745 1364 811 Chiron
1392 751 1498 811 autem
1521 747 1638 811 dicitur
1661 748 1688 811 is
1711 767 1788 811 esse.

1247 854 1380 936 ideoque
1403 873 1515 917 avorsa
1537 853 1618 918 caeli
1635 861 1726 936 parto
1746 854 1788 918 ab

1247 980 1283 1023 eo
1311 959 1447 1042 positam
1468 958 1553 1023 filiae
1575 957 1725 1042 effigiem,
1753 964 1789 1023 ut
1819 969 1837 1021 5

1247 1088 1309 1132 non
1333 1070 1519 1147 agnosceret
1558 1115 1565 1129 .

1462 1611 1488 1663 p.
1509 1595 1551 1659 ts,
1572 1598 1613 1649 11.

1290 1701 1397 1766 Habet
1410 1702 1517 1767 stollas
1536 1702 1568 1765 in
1587 1700 1668 1766 facie
1687 1702 1789 1766 claras

1246 1809 1338 1883 duas,
1366 1809 1399 1871 iu
1423 1808 1526 1890 capite
1550 1808 1578 1884 1,
1605 1809 1638 1871 in
1663 1828 1742 1871 coxa
1762 1807 1789 1883 1,

1245 1914 1789 1998 adsiugulasaurissingulasolmas

1246 2023 1278 2084 in
1306 2022 1386 2086 collo
1414 2020 1492 2096 IIII,
1518 2019 1662 2102 proximo
1690 2021 1831 2103 capiti15

1245 2128 1372 2203 claram,
1395 2127 1427 2192 in
1450 2147 1539 2191 armo
1558 2125 1582 2203 Ι,
1605 2127 1640 2189 in
1658 2132 1787 2209 pectore

1178 2225 1179 2228 '
1245 2233 1273 2310 1,
1301 2233 1349 2317 (iu
1377 2234 1471 2298 dorso
1501 2231 1549 2316 Ι,)
1576 2231 1610 2296 in
1636 2232 1786 2298 umbilico

1244 2339 1390 2404 ultimam
1413 2341 1531 2404 cleram
1549 2338 1574 2413 1,
1597 2339 1786 2423 iugeribus

1247 2445 1405 2528 prioribus
1429 2445 1552 2510 duobus
1570 2445 1610 2522 ΙΙ,
1634 2445 1668 2509 in
1686 2467 1787 2529 ungu·

1245 2551 1442 2634 lissiugulas.
1457 2551 1784 2617 fiuutsummaXVIlL
1794 2561 1829 2614 νο

1280 3185 1434 3254 ipietatem
1445 3189 1471 3257 β.
1491 3186 1597 3255 pictate
1607 3186 1667 3239 BP.
1714 3202 1791 3241 enon
1801 3189 1831 3255 β.

1243 3291 1341 3328 nomeu
1360 3274 1420 3328 BP.
1507 3278 1681 3344 reversati.
1708 3275 1832 3328 adverse.

1243 3362 1303 3415 BP.
1755 3407 1760 3416 .

1278 3450 1415 3505 1rclaras:
1427 3452 1540 3505 debebat
1548 3453 1686 3507 obscures.
1715 3469 1741 3509 ιο
1752 3470 1834 3508 coxa:

1243 3539 1354 3592 debebat
1381 3539 1507 3605 maxilla,
1539 3540 1588 3594 sed
1613 3540 1733 3605 sortasse
1762 3544 1836 3608 qaia

1242 3622 1352 3697 σταγών
1370 3633 1444 3694 esset,
1463 3628 1606 3689 nesciebat.
1662 3645 1687 3684 rr
1701 3629 1731 3683 in
1751 3632 1835 3686 dorso

1242 3717 1254 3768 I
1275 3715 1382 3768 addidi.
1447 3733 1472 3772 re
1491 3715 1629 3785 prioribus
1647 3720 1674 3786 β.
1693 3718 1834 3786 posterio-

1242 3803 1318 3857 ribus
1337 3803 1397 3857 BP.
1435 3803 1462 3857 ΙΙ
1482 3804 1548 3857 add.
1570 3822 1592 3858 ε.
1665 3804 1834 3876 eosingulas

1241 3893 1347 3958 scripsi.
1376 3892 1491 3960 singulis
1510 3892 1568 3945 BP.
