3900 5706
296 404 396 459 Sciron.
416 402 508 458 Genu.
528 401 559 457 G.
579 421 604 473 p.
628 406 684 467 163,
705 404 746 458 14.
1193 403 1323 458 letffls
1342 404 1376 467 ll,
1395 404 1437 459 34·
1624 404 1687 470 163

238 583 331 648 Hunc
344 583 501 649 Hesiodus
516 583 657 649 fabulose
677 581 755 649 dicit
772 583 891 668 aNep·
989 581 1081 646 Hunc
1103 582 1258 648 Hesiodus
1281 581 1420 666 Neptuni
1442 581 1541 648 filium
1565 583 1643 649 dicit
1704 581 1834 636 XXXII

193 696 270 754 tuno
294 691 450 775 accepisse
472 693 599 768 donum,
620 697 658 756 ut
680 711 774 775 super
792 691 892 758 undas
946 709 984 754 ex
1011 690 1147 774 Euryale
1175 690 1290 755 Minois
1320 689 1387 755 filia
1413 697 1535 767 natum3
1567 711 1641 756 con·
1720 670 1814 725 (ΜΝ

193 797 370 863 ambularet
388 802 420 863 et
438 805 567 882 propter
585 803 729 882 stuprum
748 798 893 883 Meropes
945 818 1066 862 cessum
1087 802 1193 862 autem
1211 798 1250 874 ei,
1270 804 1308 862 ut
1325 818 1422 881 supra
1439 796 1553 863 fluctus
1570 820 1642 863 eur-

194 926 214 968 e
245 903 414 970 Vinolento
445 912 536 989 petre
568 911 728 971 caecatum
761 928 828 971 csse
861 912 893 971 et
946 909 1030 969 reret
1044 909 1080 968 ut
1094 903 1126 969 in
1142 910 1235 982 terra,
1250 904 1512 988 quens-admodum
1521 905 1643 985 Iphiclo

167 1012 233 1076 ode
260 1013 388 1096 regione
416 1013 578 1096 expulsum
606 1020 638 1078 et
665 1013 805 1097 Neptuni
832 1014 892 1076 mi·
946 1011 1058 1075 datum
1085 1011 1211 1089 dicitur,
1241 1018 1276 1078 ct
1303 1032 1405 1094 supro
1426 1013 1549 1077 cristas
1571 1032 1643 1076 cnr-
1671 1023 1688 1075 5

194 1121 352 1184 seratione
375 1119 576 1185 Cedaliouem
598 1121 710 1185 ducem
731 1141 892 1203 gressuum
945 1123 1027 1183 reret
1049 1138 1150 1201 oeque
1172 1139 1227 1184 ecs
1246 1120 1437 1203 infrimporei
1455 1168 1574 1183 .....
1592 1120 1645 1184 hio

195 1247 322 1292 suorum
345 1227 386 1292 ad
415 1226 609 1292 tolerandam
633 1227 816 1292 caecitatem
839 1249 892 1292 ac·
947 1226 1063 1290 dicitur
1097 1224 1211 1291 Thebis
1239 1227 1351 1292 Chium
1385 1227 1503 1292 venisse
1536 1234 1569 1292 et
1600 1226 1643 1290 ibi

194 1334 314 1416 cepisse
333 1339 366 1399 et
384 1335 487 1399 denuo
505 1355 526 1398 a
544 1332 616 1398 Sole
634 1335 666 1397 in
686 1333 893 1399 orientalibus
947 1332 1137 1416 Oenopionis
1164 1331 1262 1398 filiam
1287 1333 1437 1416 Meropen
1459 1353 1517 1416 per
1539 1333 1644 1397 viuum

195 1440 338 1524 partibus
360 1441 459 1505 lucem
482 1440 636 1524 recepisse
660 1447 693 1505 et
711 1441 893 1506 redeuutem
946 1440 1120 1523 cupiditate
1151 1442 1296 1506 incensus
1328 1441 1556 1523 compressisse.
1588 1460 1646 1523 pro

152 1556 252 1613 10nec
279 1570 312 1613 se
339 1549 447 1614 ulcisci
475 1549 514 1611 de
543 1546 710 1612 Vinoleuto
737 1547 894 1613 valentem
947 1567 1009 1628 quo
1032 1546 1116 1612 secto
1139 1547 1180 1612 ab
1202 1547 1384 1630 Oenopione
1407 1554 1590 1612 excaecatus
1614 1553 1646 1611 ct
1657 1556 1691 1609 10

195 1655 229 1719 in
255 1654 381 1720 Cretam
409 1654 525 1738 fugisse
548 1660 580 1718 et
602 1677 673 1718 cum
695 1655 799 1719 Diana
820 1656 892 1738 plu·
948 1653 987 1718 de
1010 1654 1113 1718 insula
1135 1655 1253 1720 eiectus
1277 1654 1476 1718 existimetur
1494 1654 1646 1718 Lemnum

194 1762 290 1825 rimas
308 1761 426 1827 bestias
439 1762 609 1846 peremisse
627 1767 668 1835 et,
687 1761 770 1825 irata
783 1769 894 1825 contra
947 1761 988 1824 ad
1029 1760 1204 1826 Vulcanum
1239 1763 1418 1845 pervenisse
1454 1767 1488 1825 et
1529 1761 1569 1826 ab
1609 1782 1646 1826 eo

197 1890 266 1932 eum
285 1868 392 1945 Terra,
414 1869 587 1952 scorpionis
610 1870 675 1932 ictu
699 1869 842 1933 interisse
861 1875 894 1933 et
947 1868 1102 1949 quendam
1122 1870 1231 1933 ducem
1251 1868 1423 1933 Cedaliona
1445 1869 1571 1932 nomine
1594 1889 1646 1933 so-

196 1975 236 2040 ob
259 1975 319 2040 hoc
341 1997 361 2040 a
383 1975 456 2039 love
482 1976 566 2038 iuter
589 1981 675 2039 astra
698 1975 893 2040 conlocatum
947 1975 1073 2057 cepisse.
1106 1997 1199 2058 quem
1226 1975 1306 2040 collo
1333 1974 1437 2039 serens
1465 1974 1582 2039 dicitur
1604 1975 1646 2039 ad

152 2091 187 2144 15
196 2102 272 2147 esse.
947 2080 1051 2147 Solem
1070 2083 1191 2147 venisse
1214 2088 1247 2146 et
1264 2081 1310 2146 'ab
1333 2102 1371 2146 eo
1394 2086 1532 2158 sanetus,
1553 2087 1590 2145 ut
1612 2090 1690 2146 se15

946 2188 1159 2265 ulcisceretur,
1168 2187 1282 2254 Chium
1291 2208 1433 2253 reversus
1444 2208 1519 2252 esse.
1543 2187 1646 2254 Oeno-

853 2336 856 2342 -
946 2296 1042 2378 piona
1059 2301 1165 2360 autem
1183 2316 1203 2360 a
1219 2295 1339 2361 civibus
1358 2295 1417 2359 sub
1435 2301 1523 2359 terra
1540 2302 1645 2360 custo-

947 2403 1048 2468 ditum
1076 2423 1151 2467 esse.
1185 2423 1276 2486 quem
1303 2410 1470 2485 postquam
1497 2423 1530 2466 se
1558 2403 1646 2467 inve·

947 2510 1015 2574 nire
1035 2531 1124 2593 posse
1139 2510 1321 2592 desperaret
1335 2509 1442 2585 Orion,
1460 2510 1494 2572 in
1513 2509 1647 2603 insulam

948 2615 1075 2681 Cretam
1096 2618 1290 2700 pervenisse,
1318 2616 1420 2680 stibi
1444 2617 1550 2680 venari
1574 2626 1691 2681 coe-20

909 2799 911 2803 y
946 2724 1030 2805 pisse
1056 2745 1126 2788 cum
1149 2723 1265 2799 Diana,
1293 2728 1325 2786 et
1348 2723 1375 2786 ei
1400 2723 1541 2806 polliceri
1565 2745 1646 2805 quae

947 2831 1216 2912 supradiximus,
1243 2836 1275 2894 et
1302 2830 1349 2894 ita
1375 2831 1416 2894 od
1445 2830 1549 2895 sidera
1575 2851 1646 2913 per-

946 2957 1077 3001 venisse.

189 3704 348 3772 sideropes
367 3704 478 3773 scripsi:
497 3703 618 3773 Meropis
639 3703 672 3759 G.
767 3704 892 3761 educem
983 3705 1115 3759 sltinois
1135 3720 1184 3758 orn.
1207 3704 1238 3758 n
1278 3722 1291 3760 e
1305 3711 1369 3773 post
1384 3704 1547 3773 infringeret
1560 3705 1690 3774 Hypium

151 3808 294 3861 gressuum
323 3808 443 3848 suorum:
473 3794 534 3863 lepit
562 3792 730 3864 modpyirpv,
760 3799 791 3845 et
813 3793 893 3847 schol.
949 3794 1133 3847 Aristomachi
1146 3794 1180 3846 de.
1193 3800 1258 3847 oric
1274 3792 1385 3847 Omonis
1399 3798 1599 3856 riarratr'onem,
1619 3812 1691 3861 quae

152 3883 233 3937 Aret.
948 3884 979 3935 ιἰι
995 3882 1196 3937 Catastcrismis
1213 3883 1330 3937 Hesiodi
1346 3885 1538 3937 cenationem
1556 3886 1689 3949 sequitur.

535 3962 539 3970 ’
947 3972 1065 4026 iitserriit
1085 3972 1128 4038 (cs.
1145 3989 1210 4041 pop.
1230 3975 1408 4040 repetentem),
1433 3975 1563 4025 nimirum
1582 3979 1613 4025 ot
1633 3974 1690 4026 rito

951 4059 1062 4114 Orionis
1098 4078 1132 4114 ex
1168 4061 1265 4114 ordine
1296 4067 1493 4129 exponeretis&
1533 4061 1632 4113 deinde
1658 4066 1690 4112 ut

948 4155 1096 4215 utramque
1127 4151 1318 4203 remotionem
1354 4151 1427 4204 inter
1462 4167 1489 4204 se
1521 4149 1689 4217 cormilioret,

949 4245 1015 4291 ante
1041 4239 1138 4293 Chium
1167 4237 1279 4292 addidit
1305 4239 1422 4303 Thebis,
1454 4239 1488 4292 dc
1515 4239 1613 4306 quibus
1640 4254 1690 4291 mec

947 4327 1088 4381 Hesiodus
1120 4343 1208 4394 neqrrc
1239 4327 1434 4381 Eratostmes
1471 4334 1522 4381 out
1558 4328 1690 4381 dicerunt

949 4418 1098 4482 quiequam
1117 4422 1167 4469 cut
1186 4416 1276 4469 dicere
1289 4423 1428 4483 poteram.
1533 4433 1544 4472 r
1564 4417 1602 4470 ibi
1623 4417 1688 4470 cdd.

947 4506 1110 4559 Bursiomm
1128 4521 1162 4559 ex
1180 4505 1274 4560 MPR.
1346 4523 1372 4561 rs
1390 4522 1516 4560 reversus
1535 4522 1595 4560 esse
1613 4506 1689 4558 Bor·

947 4595 1061 4647 siamus:
1093 4610 1230 4648 reversum
1264 4610 1323 4649 esse
1357 4594 1391 4649 R.
1419 4594 1566 4649 revertisse
1599 4595 1688 4663 imtpo.

948 4700 973 4737 er
994 4698 1064 4751 quae
1083 4699 1167 4752 supra
1185 4682 1304 4737 diximus
1322 4701 1346 4737 e.
1372 4683 1432 4737 VH
1447 4682 1582 4750 Scorpius
1596 4699 1625 4750 p.
1646 4685 1689 4736 73.
