3894 5708
1674 356 1738 421 203

201 554 296 597 rausa
319 532 389 609 luit,
411 555 468 597 cur
489 534 544 598 alii
569 535 769 600 scholiastam
794 534 950 600 Isidorum
973 535 1182 618 exscripsisse,
1205 535 1259 599 alii
1279 534 1435 600 Isidorum
1458 535 1585 600 scholiis
1608 536 1640 599 in
1661 533 1739 599 Ger-

200 640 357 704 manicum
383 662 475 704 usum
502 662 582 715 esse,
609 642 665 706 alii
691 642 826 725 denique
853 647 1023 725 utrumque
1050 642 1200 706 accidisse
1228 648 1389 724 putarent3
1416 663 1490 707 nam
1516 642 1653 724 primum
1680 641 1739 705 Isi-

201 748 313 812 dorum
340 753 478 813 veterem
506 749 645 832 aliquam
673 748 864 814 scholiorum
892 749 1062 813 editionem
1091 748 1290 831 compilasse,
1317 756 1428 832 postea
1456 770 1529 814 vero
1557 771 1595 814 ex
1617 748 1739 813 Isidoro

201 855 351 918 nonnulla
378 855 409 918 in
438 855 558 920 scholia
585 855 867 940 Sangermanensia
882 855 1087 939 interpolata
1110 876 1185 921 csse.
1219 878 1353 939 quarum
1381 856 1563 939 opinionum
1586 856 1740 940 perversi-

202 969 302 1026 tatem
333 963 453 1027 detexit
484 963 666 1048 primusque
697 971 816 1029 rectam
848 964 930 1029 viam
963 963 1121 1046 ingressus
1154 969 1202 1027 est
1227 962 1504 1028 Reifferscheidius
1528 961 1657 1028 Suetoni
1686 963 1740 1027 rcl.

201 1090 230 1152 p.
249 1069 316 1133 440
326 1090 363 1147 s.;
386 1071 533 1152 quicum
556 1072 650 1136 modo
673 1071 875 1136 scholiastam
897 1070 991 1135 modo
1010 1070 1167 1135 Isidorum
1190 1070 1339 1135 uberiora
1357 1070 1508 1135 exhihere
1526 1070 1741 1145 intellexisset,

202 1181 369 1260 utrumque
402 1198 440 1241 ex
472 1179 582 1242 eodem
613 1178 701 1244 fonte
733 1177 860 1243 haurire
893 1177 1066 1243 rectissime
1093 1179 1214 1241 statuit
1247 1177 1331 1260 quod
1359 1198 1432 1242 vero
1460 1177 1579 1243 scholia
1607 1175 1740 1259 Sanger-

201 1285 364 1348 manensia
390 1284 575 1368 plerumque
602 1287 733 1369 propius
760 1286 800 1350 ad
824 1285 970 1368 Origines
993 1305 1087 1367 quam
1111 1285 1152 1349 ad
1175 1284 1317 1349 libellum
1341 1285 1380 1349 do
1403 1289 1518 1349 natura
1540 1305 1644 1347 rerum
1668 1304 1741 1347 con-

202 1391 356 1472 scriptum
379 1393 541 1468 accedunt,
563 1392 597 1457 id
620 1392 706 1456 nullo
730 1393 856 1476 negotio
880 1392 927 1456 ita
949 1392 1133 1476 explicatur,
1156 1398 1191 1456 ut
1214 1391 1369 1456 Isidorum
1393 1391 1425 1454 in
1445 1390 1628 1474 Originibus
1646 1411 1741 1473 quarn

202 1498 435 1563 accuratissime
467 1495 628 1564 auctorem
655 1521 746 1564 suum
773 1500 985 1583 exscripsisse,
1018 1501 1050 1563 ιιι
1083 1498 1164 1564 libro
1197 1499 1236 1563 de
1269 1520 1375 1563 rernm
1402 1506 1518 1564 natura
1545 1497 1677 1564 liberius
1704 1520 1741 1581 eo

199 1595 293 1668 'usum
322 1626 389 1670 esse
416 1611 510 1690 atque
537 1608 689 1673 sermonis
717 1607 891 1691 elegantiae
918 1608 990 1690 plus
1012 1605 1160 1671 tribuisse
1184 1612 1368 1671 statuamus.
1401 1612 1538 1671 ceterum
1563 1606 1628 1669 veri
1651 1604 1741 1670 valde

203 1710 380 1776 similet
331 1718 380 1776 est
407 1718 533 1795 practer
561 1736 611 1788 oa,
639 1736 720 1797 quae
747 1703 873 1780 scholiis
901 1736 971 1779 cnm
999 1713 1121 1779 Isidoro
1149 1712 1326 1778 eommunia
1353 1713 1530 1789 scutalia
1554 1732 1677 1796 quoque
1700 1712 1742 1775 ad

202 1818 345 1900 ignotum
368 1819 457 1883 illum
479 1828 640 1885 auctorem
663 1822 776 1898 redire,
798 1821 1020 1897 volutiotea,
1043 1842 1214 1903 quaecum
1237 1818 1413 1904 fragmento
1432 1820 1602 1884 Censorino
1621 1818 1742 1884 tributo

202 1931 437 2008 congruente
439 1929 565 2009 tquod
589 1929 718 1992 involut'
695 1935 740 1993 ιιο
764 1929 917 2012 sphaerae
939 1928 1125 1992 inscribitur
1148 1934 1256 2010 caput,
1284 1930 1390 1991 omnia
1417 1926 1552 2010 denique
1575 1947 1656 2009 quae
1678 1948 1742 1991 non

202 2037 259 2095 aut
286 2053 323 2095 cx
350 2032 454 2097 Plinio
481 2041 538 2098 aut
565 2056 604 2099 ex
631 2035 757 2118 Hygino
784 2042 841 2100 aut
869 2057 906 2100 ex
930 2036 1074 2118 Fulgeut'
1066 2056 1097 2099 ιο
1125 2035 1284 2118 descripta
1312 2035 1383 2099 sint.
1418 2055 1612 2098 communem
1635 2021 1742 2098 autem

203 2138 291 2203 illum
318 2139 481 2222 utriusque
509 2149 669 2207 auctorem
693 2142 878 2207 Suetonium
906 2163 972 2208 csse
999 2141 1177 2224 suspicatur
1199 2140 1491 2218 Reifferscheidius3
1519 2140 1575 2204 alii
1603 2140 1742 2205 oblocuti

204 2253 285 2312 sunt.
318 2268 375 2330 ego
401 2247 485 2314 hane
512 2250 757 2314 controversiam
782 2248 1002 2314 difficillimam
1029 2271 1105 2314 sano
1133 2270 1191 2314 nec
1213 2249 1322 2333 paucis
1345 2247 1448 2313 verbis
1471 2248 1682 2330 peragendam
1705 2268 1743 2312 eo

202 2354 303 2437 magis
326 2352 359 2418 ιιι
383 2355 486 2420 medio
509 2356 686 2440 relinquere
709 2378 844 2440 possum,
867 2378 929 2441 quo
953 2355 1085 2421 alienior
1108 2362 1157 2421 est
1180 2355 1220 2420 ab
1239 2356 1333 2421 huius
1352 2354 1578 2437 disputationis
1597 2353 1743 2432 consili03

203 2459 364 2526 sufficiunt
350 2463 476 2526 tcnim
503 2484 553 2542 ca,
567 2486 662 2547 quae
689 2469 738 2529 att
738 2464 797 2542 uli,
824 2471 860 2529 ut
846 2464 997 2529 ttde
945 2486 980 2528 ra
983 2466 1082 2553 tione,
1108 2484 1191 2546 quae
1213 2464 1297 2528 inter
1320 2462 1439 2529 scholia
1462 2461 1744 2545 Sangermanensia

204 2572 237 2631 et
264 2566 486 2634 Strozziana
477 2578 526 2635 ιιιι
512 2572 659 2648 tercedit,
633 2578 777 2638 trecte
744 2572 947 2636 tiudicare
979 2573 1141 2654 possimus.
1174 2570 1230 2635 sed
1263 2593 1333 2636 cum
1361 2571 1394 2634 in
1421 2569 1577 2654 Breysigii
1605 2568 1745 2633 editione

204 2673 324 2739 scholia
347 2675 630 2760 Sangermanensia
657 2650 815 2762 discerpta
839 2684 931 2743 ett
894 2677 1155 2744 Strozzienist
1107 2700 1140 2741 m
1141 2679 1296 2761 terposita
1318 2677 1395 2752 sint,
1422 2683 1544 2741 utnon
1567 2677 1634 2740 sine
1658 2672 1743 2739 diffi-

204 2781 359 2847 cultate
350 2785 519 2868 imaginem
547 2786 663 2851 codicis
690 2784 751 2850 tibi
778 2791 856 2851 resti
847 2785 946 2850 tuere
968 2786 1083 2869 possis,
1111 2805 1187 2850 ere
1208 2785 1309 2849 visum
1332 2787 1380 2849 est
1365 2783 1455 2848 thic
1477 2781 1615 2866 singulas
1638 2787 1744 2866 partes
1845 2799 1849 2806 ·

204 2911 242 2955 eo
265 2890 388 2967 ordine,
416 2913 477 2974 quo
501 2894 535 2956 in
557 2893 639 2957 libro
663 2893 924 2977 sangermanensi
947 2892 1105 2975 leguntur,
1128 2912 1311 2957 enumerare
1334 2890 1495 2956 adnotatis
1519 2889 1651 2972 singulis
1674 2911 1744 2954 cum

205 2995 319 3081 quibus
342 3004 519 3080 congruunt
541 3006 597 3065 aut
583 3002 703 3065 utnde
726 3022 765 3083 pc
767 3001 846 3064 titae
869 3005 952 3076 sunt,
975 3000 1164 3082 scriptorum
1186 2999 1276 3064 locis·

268 3102 336 3186 lp.
363 3106 526 3182 rout-
541 3108 613 3185 1,07
634 3108 741 3172 13:
765 3105 960 3193 (Censorini)
983 3106 1152 3190 fragmenti
1175 3127 1241 3189 cap.
1266 3105 1349 3189 le.
1371 3105 1411 3169 76
1435 3103 1528 3169 Jahn.
1552 3103 1594 3189 (ι.
1613 3100 1745 3167 Reiffer-

330 3209 375 3277 (de
394 3211 465 3266 caeli
484 3213 629 3282 positione)
764 3214 872 3281 scheid
895 3213 1022 3280 Sueten.
1045 3237 1075 3298 p.
1098 3212 1184 3299 1.95)

254 3315 287 3380 Il
310 3340 339 3402 p.
364 3318 601 3398 221-224,4
628 3351 673 3380 =
695 3321 888 3409 (Censorini)
919 3320 1088 3404 fragmenti
1116 3341 1181 3404 cap.
1205 3319 1253 3384 ΙΙΙ
1286 3342 1315 3403 p.
1340 3319 1381 3384 79
1409 3317 1503 3384 lehn.
1547 3316 1646 3382 habet
1677 3317 1744 3381 cod.

313 3424 357 3489 (dc
376 3425 465 3481 stellis
488 3426 551 3482 fixis
573 3434 601 3483 et
692 3428 913 3495 Bruxellensis.

376 3517 539 3580 errantibus)

239 3603 286 3667 Ill
309 3627 339 3688 p.
363 3605 437 3683 224,
455 3605 614 3685 5-226,
625 3608 668 3672 22
690 3608 788 3673 habet
811 3609 908 3673 codex
931 3605 1152 3672 Bruxellensis.

314 3711 358 3777 (de
377 3712 513 3781 sphaerae
533 3713 712 3779 involutione)

243 3800 288 3865 IV
311 3824 341 3885 p.
368 3802 522 3888 112-p.
544 3805 607 3868 182
631 3804 757 3869 fabulae
780 3826 819 3869 ex
842 3803 1137 3869 Catastcrismorum
1161 3801 1306 3885 Epitome
1331 3820 1446 3864 versae.

261 3907 289 3971 v
312 3931 342 3992 p.
361 3909 435 3986 ιιι,
456 3911 573 3975 ι-ιο
591 3911 822 3977 amilianae
840 3911 980 3976 nieorus
998 3911 1027 3977 a
1047 3932 1105 3975 rer.
1124 3914 1188 3974 nac.
1207 3907 1315 3972 xxrn
1335 3907 1355 3971 3
1375 3906 1417 3993 (v.
1435 3891 1662 3972 seraranan
1681 3904 1701 3968 1.
1720 3924 1745 3967 ι.

314 4014 359 4082 (de
378 4015 507 4085 planetis)
602 4041 632 4102 p,
656 4018 744 4105 216),

248 4122 290 4187 Vl
314 4146 342 4207 c·
368 4124 442 4201 22⁷.
464 4125 637 4202 11-228,
657 4127 676 4190 s
700 4155 743 4182 =
766 4125 845 4190 rm.
869 4125 900 4188 11
924 4124 1064 4188 aa-ao.
1087 4124 1139 4189 ol.
1172 4123 1287 4224 Hygia.
1311 4122 1418 4186 aaroi.
1433 4119 1473 4210 n
1492 4119 1543 4182 42.

315 4229 498 4297 (planetarum
519 4231 638 4297 nomina)

229 4318 291 4383 vn
314 4341 344 4402 p.
370 4320 445 4397 aas,
464 4321 483 4385 s
500 4358 540 4369 -
555 4321 604 4386 14.

206 4587 309 4641 ultirna
326 4587 383 4640 sint
398 4587 528 4654 pluviosa
546 4604 607 4641 cum
627 4587 722 4642 Isidor.
741 4587 815 4657 Orig.
836 4589 876 4640 lll
896 4589 937 4651 70,
957 4588 1000 4651 31,
1020 4603 1046 4655 p.
1064 4588 1123 4651 162,
1142 4587 1176 4639 20
1198 4584 1294 4655 Orion,
1315 4582 1365 4652 qni
1382 4589 1407 4637 et
1424 4582 1524 4653 iapula
1544 4613 1577 4621 -
1597 4600 1623 4651 p.
1640 4582 1698 4646 163,
1716 4581 1748 4635 14

207 4681 393 4745 tempestatem
415 4677 511 4730 innuit
528 4679 667 4731 tramittere
691 4695 751 4732 cum
776 4677 872 4730 leidor.
892 4675 965 4745 Orig.
987 4676 1089 4741 11170,
1111 4676 1143 4728 ld
1162 4680 1190 4729 et
1210 4677 1252 4739 11,
1272 4692 1297 4743 p.
1319 4675 1379 4736 167,
1401 4674 1433 4726 12
1452 4672 1546 4726 Sirius
1563 4671 1643 4725 stella
1661 4666 1694 4710 -’
1715 4671 1749 4724 16

208 4766 385 4820 coamatores
408 4766 542 4820 dicuntur
564 4783 625 4821 cum
650 4767 744 4821 lsider.
765 4767 839 4833 Orig.
863 4767 904 4819 lll
924 4765 970 4827 70,
995 4765 1029 4819 14
1049 4772 1077 4818 et
1097 4763 1143 4828 15,
1167 4780 1193 4832 p.
1215 4762 1439 4829 175‚13Geort,
1464 4763 1513 4830 qai
1535 4767 1561 4815 ct
1579 4760 1664 4814 Nilus
1687 4776 1748 4814 cnm

208 4855 306 4911 Isidor.
331 4853 404 4923 Orig.
431 4855 496 4909 Xlll
516 4859 563 4922 21,
588 4857 602 4910 7
627 4863 786 4924 congruunt.
811 4858 881 4910 hacc
905 4855 990 4923 igitur
1014 4853 1104 4909 omnia
1128 4869 1161 4907 ex
1186 4854 1281 4907 eodem
1306 4860 1418 4906 auctore
1442 4850 1554 4905 flumsse
1574 4848 1748 4919 perspicitur,

209 4962 291 5015 quem
311 4944 431 4999 Isidorus
450 4953 479 4998 et
498 4945 557 5014 ipse
576 4946 730 5014 exscripsit.
