3894 5708
348 384 449 439 Soron.
467 383 560 441 (inu.
579 384 611 440 G.
631 401 658 454 p.
678 386 738 450 170,
758 385 799 439 17.
1245 384 1377 438 metfl
1396 383 1431 450 ΙΙ,
1449 385 1492 441 33.
1679 386 1742 451 1Ι3

1043 564 1103 630 Ηίο
1133 564 1250 629 dicitur
1284 563 1410 630 Orionis
1446 585 1555 631 canem
1589 564 1698 650 lugere
1756 560 1895 617 XXXIV

998 672 1154 748 venantis3
1182 693 1254 735 nam
1281 692 1351 735 cum
1378 678 1414 737 ut
1436 673 1603 756 oportebat
1626 695 1698 738 eum
1769 651 1871 721 L‘W·

998 784 1178 844 venatorem
1204 776 1380 855 finxissent,
1408 779 1575 846 voluerunt
1602 780 1697 846 etiem

998 885 1175 969 significare
1197 885 1304 971 aliqua
1326 885 1366 950 de
1390 907 1496 962 cousa3
1522 887 1630 972 ituque
1653 888 1698 953 le·

997 1014 1105 1075 porem
1131 992 1172 1057 ad
1195 992 1262 1057 eius
1284 992 1381 1076 pedes
1403 991 1576 1076 fugientem
1598 993 1696 1059 finxo·
1724 1005 1742 1057 5

1000 1104 1084 1164 runt.

293 1204 357 1271 Sub
389 1205 523 1290 pedibus
554 1227 689 1288 numque
721 1206 846 1272 Orionis
876 1213 948 1291 post
1045 1227 1137 1289 quem
1160 1206 1300 1272 nonnulli
1324 1227 1345 1270 a
1367 1206 1524 1272 Mercurio
1547 1208 1697 1275 constitu·

248 1320 372 1397 tergum
382 1311 457 1378 Sirii
471 1312 560 1396 lepus
578 1318 627 1378 est
641 1313 840 1390 constitutus,
854 1336 947 1397 quem
1001 1321 1068 1377 tum
1083 1314 1231 1378 dixerunt
1248 1314 1340 1397 eique
1359 1314 1467 1379 dutum
1485 1336 1553 1380 esse
1571 1322 1698 1398 praeter

248 1420 383 1504 gentiles
412 1440 433 1485 a
459 1418 616 1484 Mercurio
648 1421 732 1485 inter
758 1429 845 1485 astra
872 1442 946 1486 con-
1001 1426 1106 1484 cetera
1132 1440 1248 1502 genera
1274 1421 1525 1505 quadrupedum,
1554 1430 1591 1486 ut
1617 1422 1697 1485 alios

205 1527 388 1592 relocatum
411 1526 519 1593 ferunt
549 1531 680 1611 propter
706 1528 835 1592 nimiam
863 1528 947 1592 volo-
1002 1534 1137 1610 pareret,
1158 1527 1237 1591 ulios
1260 1527 1392 1592 heberet
1415 1529 1445 1591 in
1470 1534 1586 1593 ventre.
1708 1537 1742 1590 10

249 1634 377 1700 citatem
408 1635 474 1700 sive
501 1633 585 1718 quod
617 1635 700 1699 inter
727 1635 948 1718 quadrupedes

248 1742 335 1807 solus
366 1741 438 1826 plus
469 1742 574 1824 pariat
606 1748 639 1806 et
666 1741 818 1825 quosdam
846 1742 948 1808 foetus

247 1848 366 1932 periet,
389 1849 541 1931 quosdam
565 1869 638 1913 vero
662 1849 694 1912 in
718 1856 840 1927 ventre,
867 1849 949 1914 sicut

251 1955 437 2020 Aristoteles
464 1954 669 2040 philosophus
696 1955 742 2020 uit
764 1955 804 2020 de
826 1957 947 2021 anima-

248 2061 326 2126 lium
347 2064 480 2139 ratione,
503 2062 647 2127 retineat

1317 2275 1367 2341 ΙΙΙ,
1386 2278 1428 2332 32.

295 2383 399 2451 Habet
435 2386 562 2468 quidem
604 2384 710 2450 stelles
746 2385 779 2450 iu
815 2385 947 2469 singulis
1046 2382 1150 2449 Habet
1185 2384 1293 2450 stellas
1329 2386 1362 2451 iu
1395 2387 1535 2470 utrisque
1568 2385 1697 2450 auribus

174 2474 182 2487 ’
249 2491 379 2557 auribus
407 2493 559 2576 singulas,
586 2492 617 2556 in
642 2500 769 2575 pectore
795 2494 888 2569 duas,
915 2495 948 2557 in
1001 2492 1154 2575 singulas,
1181 2493 1214 2556 in
1237 2512 1367 2575 corpore
1390 2494 1505 2577 passim
1529 2492 1697 2575 dispositus

199 2599 344 2665 nodoso
370 2600 504 2666 nitidum
527 2621 634 2677 unam,
662 2601 694 2664 in
721 2600 948 2684 posterioribus
1002 2599 1095 2674 duas,
1127 2600 1174 2683 (in
1202 2600 1415 2683 interseapilio
1438 2600 1476 2677 1,)
1504 2600 1536 2663 in
1564 2598 1742 2682 pedibusto

249 2706 383 2788 pedibus
410 2706 557 2791 singulas.
590 2715 663 2771 suut
690 2729 796 2772 omues
820 2715 947 2790 septem.
1002 2705 1160 2788 prioribus
1174 2706 1321 2789 singulas.
1345 2706 1391 2769 itu
1403 2714 1476 2771 sunt
1490 2707 1616 2771 omnino
1627 2706 1695 2770 VII.

239 3312 267 3353 19
286 3294 313 3350 iu
331 3304 443 3367 pectore
463 3329 496 3337 -
514 3316 539 3353 ει
554 3305 659 3368 septem
675 3316 725 3353 om.
743 3297 775 3353 G.
791 3296 857 3353 dedi
869 3315 903 3352 ec
917 3296 945 3353 S.
1035 3314 1062 3352 ro
1080 3295 1107 3351 in
1127 3295 1317 3368 inter-scupilio
1337 3299 1348 3352 l
1367 3296 1478 3353 addidi.
1515 3316 1539 3354 ιι
1559 3296 1610 3353 vn
1629 3298 1742 3367 scripti:

1000 3387 1039 3441 vl
1057 3387 1128 3440 lutri.
