3894 5708
195 316 260 381 230

195 494 349 577 effugiens
379 497 452 575 post
488 490 584 555 fontis
616 489 829 555 inventionem
883 489 1022 553 νίααντα
1050 482 1185 572 οἶστρον
1209 484 1361 569 ἐμβαλεῖν
1384 492 1433 569 τῷ
1456 478 1616 570 Πηγάσῳ,
1643 470 1728 546 ὥστε

117 658 119 662 -
196 639 266 682 cunt
288 618 332 681 acl
351 616 472 681 ccclerrn
491 616 688 679 contenderet
707 613 830 678 evolare
883 596 1036 663 22420222
1062 594 1123 678 pec
1150 616 1212 658 202
1239 586 1518 678 Β2442007202ῖ212
1545 591 1603 654 22222
1634 610 1728 654 222222

884 709 1045 789 νεχθῆναι
1060 692 1154 778 εἰς
1120 725 1158 766 το
1173 708 1231 787 τῆς
1245 701 1370 776 Λυκέας
1383 700 1551 778 πεδίον..
1562 690 1730 763 ,ἀλᾶσθαι

886 810 921 876 δὲ
953 800 1039 875 κατὰ
1070 816 1171 873 τοῦτο
1206 806 1425 894 πηρωθέντα,
1462 797 1523 872 τὸν
1556 801 1633 871 ot‘
1624 803 1731 870 ιἰιιιον

885 921 998 998 λαβεῖν
1030 909 1091 1004 τὴν
1122 907 1184 983 Ἠῶ
1218 916 1396 1001 δεηθεῖσαι
1427 920 1489 978 τοῦ
1516 905 1593 989 Διὸς
1619 912 1732 995 δῶρον

885 1015 1033 1110 πρὸς
997 1048 1037 1089 το
1066 1016 1203 1100 ἆκόιιως
1234 1020 1397 1107 περιιέναι
1428 1012 1488 1097 τὰς
1514 1027 1576 1084 τοῦ
1603 1014 1732 1101 κόσμου

198 1116 377 1182 subvolasse
405 1123 436 1180 et
462 1115 545 1180 inter
569 1116 673 1180 sidera
695 1113 735 1180 ab
759 1114 832 1179 Iove
885 1127 1072 1216 περώρους,
1110 1122 1151 1196 ‘H
1174 1129 1208 1195 pp
1237 1126 1366 1215 pompa
1396 1121 1487 1214 παρὰ
1514 1119 1732 1217 Acxrpactop

198 1241 387 1307 constitutus
410 1240 615 1307 existimatur.
834 1312 839 1320 ‚
888 1238 923 1304 έν
951 1236 1249 1323 Τραγῳδουμένοις.

196 764 294 826 neptae
314 743 403 823 lonpc
421 743 487 805 ianr·
506 741 634 816 abesset,
658 715 831 820 despiciens

197 868 241 932 ud
265 871 385 931 terrum
406 867 518 931 ttncere
535 869 698 946 paraneten
716 864 831 928 decidit

196 992 303 1072 ibique
320 992 441 1071 periese
459 991 586 1055 dieitur.
611 1011 708 1074 equus
726 996 782 1053 aut
783 1010 832 1053 em

286 1366 373 1431 vides
395 1365 531 1431 mediam
553 1364 679 1430 fabulae
700 1370 824 1448 partem
851 1363 891 1429 ab
914 1370 1048 1446 utroque
1072 1361 1189 1427 eisdem
1212 1360 1278 1427 fere
1300 1360 1403 1427 verbis
1425 1361 1560 1437 narrari3
1584 1362 1624 1425 de
1648 1359 1734 1424 exitu

199 1472 398 1550 dissentiunt,
421 1495 492 1537 oum
514 1472 657 1556 Hyginus
680 1472 722 1536 ad
745 1471 989 1536 Eratosthenem
1011 1474 1197 1545 revertatur,
1220 1490 1338 1552 exque
1358 1467 1615 1549 etiamillapest
1634 1466 1734 1551 fontis

199 1581 408 1644 inventionem
436 1579 630 1663 Asclepiadis
658 1577 761 1643 v‘erbis
789 1577 986 1663 interposuit.
1020 1581 1131 1642 contra
1157 1577 1190 1640 in
1217 1577 1371 1662 principio
1399 1575 1511 1661 eapitis
1538 1575 1652 1658 Pegasi
1678 1595 1733 1660 pa·

199 1692 304 1751 rentes
327 1708 365 1751 ex
387 1686 573 1770 Asclepiade
596 1684 845 1751 Eratosthenicis
868 1685 1001 1751 addidit.
1032 1683 1107 1748 hinc
1128 1683 1226 1767 igitur
1249 1683 1409 1767 Hyginum
1430 1681 1627 1767 Asclepiadis
1654 1683 1734 1765 Τρα-

199 1788 395 1877 γῳδούμενα
426 1794 572 1859 manibus
600 1791 747 1858 habuisse
774 1792 939 1868 concludo,
971 1792 1004 1856 id
1032 1791 1115 1875 quud
1144 1792 1185 1856 ad
1217 1796 1402 1874 argumenta
1429 1790 1563 1872 tragica,
1594 1808 1676 1872 quae
1702 1787 1736 1852 in

200 1900 392 1966 Fabularum
415 1899 497 1965 libro
520 1901 645 1984 saepius
668 1906 845 1976 occurrunt,
868 1905 953 1965 rteee
977 1905 1045 1965 aest
1031 1899 1174 1964 timenda
1196 1899 1308 1963 summi
1330 1897 1480 1964 momenti
1504 1902 1559 1961 est.
1569 1895 1613 1980 22)

288 2007 336 2072 Ex
364 2008 419 2072 Ist
405 2013 464 2074 tro
492 2009 574 2072 dnae
601 2007 859 2072 narrationesto
842 2012 913 2071 otae
941 2008 1143 2090 adponuntur
1148 2027 1316 2091 ,quarum
1343 2025 1407 2070 una
1434 2008 1482 2068 est
1468 2005 1548 2069 tde
1576 2003 1738 2069 Orionaa

199 2115 303 2180 Diana
326 2115 457 2179 invita
448 2116 608 2199 insciaque
631 2115 732 2180 occiso
756 2113 943 2198 XXXle.
964 2113 1014 2190 73,
1035 2114 1129 2178 12-
1140 2113 1196 2190 22,
1219 2114 1265 2177 alt
1251 2117 1321 2177 tara
1348 2112 1389 2178 de
1412 2132 1504 2178 corvo
1505 2110 1562 2198 ‚²0)
1587 2111 1643 2194 qui
1666 2131 1739 2176 eum

201 2187 342 2305 Apollini
360 2220 526 2287 Coronidis
548 2219 714 2305 perfidiam
737 2223 922 2299 nuntiasset,
944 2221 1035 2304 nigor
1058 2242 1096 2286 ex
1119 2219 1191 2285 albo
1215 2219 1319 2286 factus
1338 2240 1404 2285 esse
1428 2218 1544 2284 dicitur
1562 2217 1618 2283 XL
1636 2240 1665 2301 p.
1687 2216 1740 2294 76,

203 2328 350 2393 17-20.
382 2335 496 2394 neutra
518 2328 559 2394 ad
583 2328 703 2404 sideris,
726 2328 784 2392 sub
809 2349 870 2413 quo
894 2327 1051 2405 adfertur,
1075 2328 1315 2410 explicationem
1338 2331 1474 2410 speetat3
1502 2331 1635 2413 utraque
1658 2324 1740 2391 Era·

200 2435 355 2501 tosthenis
382 2434 616 2500 narrationibus
640 2435 849 2520 supplementi
876 2436 978 2499 instar
1004 2435 1155 2499 adiuncta
1181 2441 1243 2512 est,
1274 2457 1326 2512 ne,
1354 2433 1456 2518 qualis
1483 2432 1609 2498 fabulae
1636 2432 1742 2497 forma

201 2543 286 2626 apud
318 2543 435 2608 Istrum
468 2548 604 2618 extaret,
636 2543 770 2607 lectores
801 2543 992 2625 ignorarent.
1031 2543 1165 2626 denique
1197 2541 1252 2606 ubi
1281 2542 1422 2625 Hyginus
1449 2539 1671 2605 Eratosthenis
1701 2541 1742 2607 de

202 2648 286 2715 Cane
312 2651 526 2715 narrationem
552 2649 672 2725 reddit,
704 2671 774 2714 cum
805 2649 870 2714 alia
896 2656 964 2714 tum
991 2650 1110 2714 exitum
1137 2671 1175 2714 ex
1202 2648 1285 2714 Istro
1313 2650 1465 2714 admiscet
1492 2647 1611 2712 XXXV
1634 2669 1664 2732 p.
1691 2646 1744 2725 73,

203 2757 297 2820 23-
310 2757 392 2833 74,4
416 2756 468 2842 (cf.
494 2757 787 2822 Gatasterismorum
809 2755 919 2840 fragm.
942 2779 972 2841 p.
994 2757 1065 2821 167.
1088 2756 1165 2843 169)
1188 2757 1283 2842 idque
1302 2758 1379 2822 satis
1397 2755 1642 2830 inconsiderata
1666 2773 1744 2819 nam

203 2864 278 2929 dum
309 2863 426 2928 Istrum
457 2869 581 2929 secutus
612 2885 721 2928 canem
754 2864 846 2928 simul
877 2886 947 2928 cnm
979 2865 1072 2948 vulpe
1104 2865 1138 2928 iu
1170 2864 1307 2948 lapidem
1338 2869 1493 2929 mutatum
1526 2883 1593 2927 esse
1623 2867 1745 2939 narrat,

201 2992 330 3055 prorsus
358 2971 476 3036 oblitus
504 2978 552 3036 est
580 2971 745 3037 dicendum
771 2970 867 3035 fuisso
896 2992 966 3035 eum
988 2971 1072 3035 inter
1095 2977 1182 3035 astra
1204 2993 1271 3036 esso
1294 2970 1440 3045 relatum;
1467 2991 1542 3034 nam
1564 2970 1605 3033 de
1628 2968 1746 3034 sideris

203 3077 411 3161 explicatione
438 3078 551 3162 agitur.
584 3079 663 3143 duas
694 3078 814 3163 priores
841 3079 1038 3144 narrationes
1067 3100 1105 3143 ex
1132 3077 1207 3143 Istri
1234 3077 1330 3154 libre,
1357 3079 1408 3143 cni
1431 3069 1641 3153 Anatiliorum
1670 3074 1745 3142 ἐπι-

203 3180 337 3266 φάνειαι
356 3184 467 3251 titulus
491 3193 568 3262 erat,
591 3183 718 3250 fluxisse
736 3207 799 3250 non
818 3185 885 3250 sine
902 3184 1128 3269 probabilitate
1147 3186 1260 3250 statuit
1279 3185 1410 3250 Carolus
1429 3183 1581 3249 Miillerus
1600 3184 1634 3251 F.
1648 3183 1692 3250 H.
1708 3183 1745 3250 G.

204 3291 270 3376 Ip.
294 3291 372 3368 4233
399 3292 527 3357 tertiam
553 3292 594 3357 ad
627 3283 751 3358 Ἀττικά
775 3292 974 3358 referendam
997 3314 1063 3357 esse
1087 3292 1296 3359 certissimum
1319 3300 1367 3358 est
1390 3313 1489 3376 eoque
1511 3295 1576 3357 rett
1547 3292 1637 3355 ttulit
1661 3291 1746 3355 Mul·

204 3398 288 3464 lerus
316 3401 335 3464 1.
355 3421 380 3464 c.
407 3423 436 3483 p.
460 3399 533 3464 420.
566 3403 705 3464 ceterum
733 3400 867 3464 eundem
895 3400 941 3465 Ist
927 3405 1011 3464 trum
1040 3392 1209 3485 Aaronem}
1237 3399 1397 3483 scripsisse
1426 3403 1600 3463 constatv
1601 3396 1745 3485 Steph.

204 3504 276 3588 Byz.
306 3527 330 3569 s.
358 3528 385 3570 v.
412 3498 513 3571 Arria.
551 3506 655 3570 Athen
683 3505 758 3570 XIV
795 3529 825 3592 p
853 3506 980 3572 enen.
1012 3507 1046 3570 F.
1072 3508 1110 3573 H.
1135 3507 1171 3572 G.
1200 3507 1272 3590 Ip.
1300 3506 1366 3571 424
1398 3505 1436 3570 fr.
1469 3504 1602 3570 4344.
1634 3505 1746 3591 itaquo

204 3611 367 3707 Prosymni
400 3612 521 3691 fabula,
554 3635 647 3698 quam
675 3613 818 3697 Hyginus
851 3636 889 3677 ex
918 3613 975 3690 eia,
1008 3615 1065 3697 qni
1091 3613 1245 3696 Arpolicu
1275 3614 1541 3693 coraseripsernnt,
1575 3618 1689 3677 narrat
1717 3613 1745 3678 V

204 3740 233 3802 p.
253 3719 304 3796 39,
325 3719 344 3782 8
365 3758 405 3767 -
425 3721 482 3796 40,
501 3721 535 3796 3,
567 3720 701 3786 fortasse
732 3721 774 3785 ad
806 3720 939 3786 eundem
971 3719 1089 3786 Istrum
1121 3720 1287 3786 referenda
1318 3726 1374 3784 ost.
1406 3721 1538 3785 eandem
1565 3741 1605 3785 ex
1633 3721 1745 3787 eodem

205 3825 291 3890 fonte
313 3824 460 3890 haustam
483 3828 538 3892 sed
561 3849 673 3910 graeca
693 3827 801 3911 lingua
819 3834 999 3894 enarratam
1017 3829 1050 3892 in
1068 3828 1223 3911 Anonymi
1242 3828 1393 3892 analectis
1410 3826 1640 3911 mythologicis,
1663 3849 1745 3911 quae

204 3930 238 3996 in
269 3931 351 3997 libro
379 3933 591 3999 Laurentiano
619 3934 671 4011 50,
698 3937 712 3999 1
743 3941 868 4000 servata
899 3942 985 4011 sunt,
1017 3956 1178 4000 recurrere
1209 3936 1272 4000 iam
1300 3934 1557 4001 Wilamowitzius
1589 3957 1679 4001 meus
1710 3937 1744 4001 in

205 4039 365 4105 Analectis
388 4039 569 4125 Euripideis
591 4063 621 4124 p.
647 4041 707 4107 181
729 4063 751 4107 s.
775 4043 881 4107 adnot.
905 4043 926 4108 4
950 4042 1188 4129 observavitfl)

295 4273 327 4338 ¹⁹)
346 4270 385 4326 uf.
408 4287 477 4340 quae
496 4272 529 4326 de
545 4271 720 4342 Asclepiadis
734 4272 904 4340 Tragilensis
923 4273 994 4329 libro
1009 4273 1236 4328 Wilamowitzius
1255 4288 1331 4328 meus
1350 4272 1431 4328 Anal.
1445 4273 1510 4328 Eur.
1530 4289 1556 4343 p.
1573 4274 1624 4328 181
1643 4272 1706 4328 adn.
1716 4273 1744 4337 3,

206 4377 255 4431 ego
275 4362 309 4415 de
328 4360 489 4431 Apollodori
508 4360 575 4416 bibl.
595 4379 621 4431 p.
641 4361 901 4432 74disputavi1nus.

295 4451 328 4517 2ο)
347 4450 492 4505 simillima
511 4450 624 4506 Ovidius
643 4453 710 4506 Met.
731 4451 757 4504 ll
777 4452 926 4507 uae—546.
950 4453 1091 4507 596-632
1111 4452 1227 4508 fortasse
1246 4470 1280 4508 ex
1300 4453 1396 4509 eodem
1415 4453 1485 4507 Istro
1503 4457 1608 4507 narrat.
1636 4451 1745 4506 Fabula

205 4542 257 4595 202
276 4546 366 4596 utrum
390 4541 425 4595 ab
449 4540 508 4610 ipso
527 4540 636 4611 Hygino
660 4557 693 4596 ex
719 4541 813 4596 eodem
837 4542 907 4597 Istro
930 4542 1051 4611 repetita
1073 4542 1111 4597 sit
1133 4559 1168 4597 an
1188 4542 1230 4597 ab.
1246 4540 1445 4610 interpolatore
1464 4555 1497 4595 ex
1516 4539 1616 4596 Ovidis
1639 4540 1743 4603 addita,

205 4628 357 4685 diiudicare
376 4645 447 4685 nuuc
467 4629 577 4699 quidem
596 4646 769 4700 nequaquam
788 4630 884 4687 ausim.
904 4631 1112 4702 antiquissimus
1130 4631 1262 4687 historiae
1280 4637 1377 4687 auctor
1394 4629 1532 4686 Hesiodus
1550 4636 1595 4685 est
1613 4629 1641 4684 in
1662 4629 1742 4685 Gata-

205 4717 274 4787 logis
293 4718 336 4779 vir.
357 4719 408 4773 142
427 4720 585 4788 Μιιι1ιε61ι.).

294 4807 328 4874 22)
347 4808 467 4863 Fallitur
489 4809 716 4865 Wilamevvitzius
740 4811 911 4881 Polymnum,
941 4811 1013 4880 quod
1036 4827 1133 4866 nomen
1158 4811 1311 4866 Pausaniae
1335 4810 1400 4866 libri
1424 4809 1568 4876 exhibent,
1597 4809 1744 4864 rectiorem

204 4896 320 4957 sormam
339 4914 399 4953 esse
418 4899 582 4973 suspicatus.
610 4900 692 4957 immo
712 4901 786 4974 apud
799 4900 963 4957 Pausaniam
983 4900 1009 4957 II
1028 4902 1070 4967 37,
1090 4902 1107 4954 5
1127 4895 1296 4971 Πρόσνμνας
1313 4917 1363 4971 pro
1382 4894 1528 4970 Πόλυμνας
1541 4897 1742 4956 restituendum
