3894 5708
1641 346 1681 416 15

155 536 331 602 tostirencm
359 536 514 602 exstitisse
542 536 608 620 ipse
632 533 773 619 Hyginus
801 537 949 608 testatum
976 537 1079 600 exstat
1105 539 1209 598 autem
1233 533 1342 597 cariem
1366 532 1397 597 in
1423 530 1565 614 Epitome
1590 530 1630 595 19
1654 516 1682 614 qi

155 642 218 728 (τῷ
239 644 365 727 Φρίξῳ)
388 643 444 707 καὶ
467 633 564 719 ἐκδὺς
587 637 691 706 ἔδωκε
714 632 775 728 τὴν
797 648 922 727 χρυσῆν
942 636 1056 725 δοράν,
1080 630 1172 717 ὅπως
1193 635 1407 726 μνημόσυνον
1431 635 1499 722 ἔχῃ·
1524 628 1626 719 αὐτὸς
1647 636 1682 703 δὲ

154 749 201 827 εἰς
227 742 268 815 τὰ
296 743 400 835 ἄστρα
427 742 594 836 ἀπῆλθεν,
622 740 706 815 ὅθεν
734 740 963 833 ἀμαυρότερον
992 749 1154 830 φαίνεται.
1205 749 1268 812 iam
1294 748 1321 811 si
1349 747 1417 832 quis
1445 745 1562 830 Hygini
1588 743 1683 809 rerba

154 857 407 933 consideraverit,
426 856 644 922 Eratosthenis
662 857 875 921 narrationem
893 856 987 920 alteri
1006 855 1197 930 historiolae,
1216 877 1296 940 quae
1316 877 1353 919 ex
1372 855 1434 920 aiio
1449 854 1535 918 iente
1549 851 1683 927 tinxerit,

153 965 282 1049 epponi,
309 964 340 1029 in
369 963 547 1029 Germanici
574 969 679 1028 autem
706 963 833 1028 scholiis
860 962 938 1027 nihii
966 969 1092 1045 praeter
1120 962 1214 1026 verba
1241 963 1311 1026 ‘ideo
1338 982 1407 1026 orara
1428 960 1553 1042 pallere
1577 997 1617 1008 -
1641 956 1683 1022 sir

154 1074 293 1152 receptas
320 1092 358 1136 ex
381 1070 611 1136 Catasterismis
638 1076 762 1153 sumpta
785 1092 851 1135 esse
874 1070 1055 1153 suspicetur.
1102 1071 1185 1154 ‹yuod
1208 1069 1235 1134 si
1258 1091 1365 1133 rerum
1388 1074 1481 1144 esset,
1509 1066 1683 1150 exemplum

154 1177 341 1244 haberemus
363 1178 554 1254 historiolae,
578 1200 657 1263 quae
677 1178 800 1261 Hygino
819 1200 890 1242 eum
908 1176 1086 1242 Germanici
1104 1178 1274 1259 interprete
1294 1176 1464 1241 eommunis
1483 1178 1565 1240 esset
1582 1192 1682 1255 nequo

152 1291 258 1349 himen
281 1307 319 1350 ex
337 1285 568 1350 Catasterismis
591 1284 744 1362 tinxisset3
768 1286 814 1349 ita
836 1291 872 1348 ut
895 1285 1059 1361 sententia,
1073 1306 1174 1367 ‘quarn
1193 1306 1288 1368 supra
1305 1284 1432 1366 protuli,
1455 1283 1566 1347 mirum
1585 1273 1682 1363 ‹ynan-

153 1397 220 1456 turn
243 1392 473 1475 infringeretur.
510 1399 544 1456 at
563 1391 740 1457 felicissimo
758 1414 832 1456 casu
850 1393 1064 1458 demonstrare
1082 1413 1245 1474 pessumus
1263 1393 1400 1474 priorem
1418 1411 1540 1474 quoque
1560 1386 1683 1452 fabulae

153 1498 286 1563 sormam
309 1500 341 1562 in
364 1498 595 1563 Catastorismis
618 1504 890 1563 commemoratam
914 1499 1019 1576 inisse,
1042 1499 1100 1564 etsi
1125 1499 1157 1562 in
1179 1498 1324 1581 Epitome
1347 1498 1448 1562 altera
1470 1501 1594 1561 tantum
1616 1514 1682 1558 scr·

153 1611 227 1670 vata
253 1606 303 1671 sit
347 1605 425 1671 haee
452 1607 534 1671 enim
562 1605 693 1688 legimus
721 1608 752 1670 in
775 1606 901 1672 scholiis
926 1607 1050 1671 Arateis
1073 1607 1113 1671 ad
1137 1628 1162 1670 r.
1187 1605 1251 1669 225
1275 1627 1303 1689 p.
1329 1605 1384 1681 70,
1413 1605 1452 1669 18
1476 1610 1599 1669 τοῦτον
1622 1593 1682 1666 τὸν

152 1704 250 1797 κριὸν
273 1704 508 1798 Ἐρατοσθένης
536 1709 619 1777 εἶναί
646 1730 726 1798 φησι
753 1703 814 1776 τὸν
831 1703 944 1800 Ἕλλης
972 1715 1028 1778 καὶ
1055 1714 1193 1797 Φρίξου,
1221 1702 1262 1778 ὃν
1292 1708 1397 1789 θύσας
1424 1718 1472 1796 τῷ
1500 1711 1608 1794 φυξίῳ
1633 1708 1683 1774 Διὶ

156 1821 276 1904 Φρίξος
298 1811 358 1905 τὴν
379 1811 483 1904 δορὰν
502 1816 628 1885 ἔδωκεν
647 1815 766 1904 Αἰήτῃ·
792 1810 843 1884 ded
867 1822 924 1884 καὶ
946 1812 1024 1896 τοὺς
1048 1812 1187 1904 ἀστέρος
1206 1812 1311 1885 αὐτοῦ
1330 1813 1683 1904 ‹inconcussaeque›

152 1919 200 2003 ὡς
223 1925 427 2010 ἐκδαρέντος.
464 1948 537 1991 narn
560 1926 614 1991 ubi
638 1927 669 1988 in
693 1926 742 1990 his
765 1926 891 1991 scholiis
910 1927 1135 1992 Eratosthenes
1154 1931 1423 2003 commemoratur,
1445 1925 1683 1991 Catasterismes

152 2034 294 2117 intellegi
321 2055 392 2098 mex
415 2035 649 2118 pe1·spieiemus;
676 2034 811 2110 raecedit,
838 2034 921 2116 qued
948 2035 1061 2099 ultima
1083 2035 1178 2099 verba
1204 2041 1236 2101 et
1259 2036 1418 2119 Epitomes
1441 2033 1560 2097 ultimis
1583 2037 1615 2095 et
1638 2031 1683 2094 eis

152 2141 288 2226 quaein
313 2140 438 2219 scholiis
462 2140 639 2205 Germanici
663 2140 881 2206 Eratosthenis
904 2142 1029 2206 nonnae
1051 2142 1239 2208 adferuntur
1260 2143 1457 2226 respondent.
1504 2139 1586 2222 quod
1612 2159 1683 2201 vcro

152 2249 295 2332 Hyginus
322 2248 413 2312 alteri
442 2253 567 2312 tantum
594 2247 719 2312 iniuriae
748 2247 866 2312 formae
891 2248 1108 2314 Eratosthenis
1138 2273 1250 2316 nomen
1277 2250 1490 2333 praescripsit,
1519 2247 1594 2311 iecit
1616 2245 1683 2321 hoe,

152 2357 227 2440 quia
254 2355 352 2439 priori
376 2354 667 2420 (latasterismorum
695 2355 868 2419 narrationi
897 2356 1048 2420 nernruila
1072 2357 1201 2422 aliunde
1224 2358 1397 2423 addiderat.
1443 2376 1515 2419 nrum
1539 2352 1634 2419 rerba
1656 2356 1684 2416 et

152 2464 264 2527 (arietis
289 2464 392 2543 ipsi-as
419 2462 553 2545 effigiem
577 2501 616 2509 -
641 2461 737 2544 fra-pce
764 2462 828 2543 licit
856 2464 1012 2546 catecasti)
1041 2486 1111 2529 eum
1139 2487 1239 2550 neque
1266 2463 1349 2547 apud
1378 2462 1556 2528 Germanici
1585 2463 1683 2525 inter·

152 2577 272 2653 protem
300 2575 423 2633 exstent
450 2575 482 2632 et
508 2567 548 2632 ab
577 2569 645 2651 ipsa
668 2569 792 2652 Hygino
820 2569 853 2634 in
881 2569 1056 2635 fabularum
1080 2571 1161 2638 libre
1184 2572 1215 2636 ii
1238 2573 1353 2637 similia
1377 2576 1556 2647 narrentur,
1583 2591 1602 2633 a
1625 2567 1683 2633 Ca·

152 2678 338 2741 testerismis
361 2676 472 2751 aliena,
496 2676 556 2759 ipsi
574 2676 698 2759 Hygino
721 2677 850 2759 propria
873 2698 940 2740 osse
964 2699 1082 2754 censeo,
1105 2680 1159 2761 qui
1182 2681 1223 2745 ad
1240 2680 1424 2763 primarium
1443 2679 1561 2742 iontem
1581 2696 1683 2739 rerer·

152 2804 206 2847 sus
232 2789 391 2848 auctorem
418 2805 508 2846 suum
532 2783 678 2847 nominat.
725 2783 872 2848 similiter
894 2783 925 2848 ii
949 2786 1004 2859 21,
1034 2785 1088 2849 uhi
1110 2786 1296 2870 Pherecydis
1321 2785 1506 2859 narrationi,
1533 2804 1627 2866 ‹puam
1650 2782 1682 2845 in

152 2891 383 2955 Catasterismis
408 2891 534 2966 invenit,
558 2890 706 2955 nernruila
729 2913 767 2954 ex
791 2891 975 2974 Asclepiade
999 2914 1091 2975 quern
1113 2892 1153 2957 ab
1178 2915 1213 2957 eo
1237 2894 1350 2958 lectum
1374 2913 1439 2957 esse
1463 2890 1624 2973 Epimetro
1650 2887 1680 2951 ii

151 2996 373 3061 demonstrabo
402 2997 523 3074 inserit,
551 2998 592 3063 ad
616 2998 827 3082 Pherecydem
850 3020 993 3064 reversus
1016 3001 1130 3065 iterum
1154 3021 1264 3064 nomen
1288 3002 1354 3064 eius
1377 3001 1493 3065 diserte
1516 2995 1680 3062 adscribit:

150 3103 211 3167 has
239 3109 342 3168 (autera
369 3104 560 3186 Pherecydes
583 3105 783 3170 Atheniensis
806 3106 914 3171 Liberi
941 3108 1078 3171 andricas
1105 3128 1168 3171 esse
1195 3107 1387 3171 ‹leruroastrui
1414 3126 1543 3169 narrare
1569 3105 1683 3183 septem

152 3258 276 3273 .......
300 3211 358 3274 iate
386 3213 535 3276 dicrratur
563 3235 584 3277 ο
607 3212 754 3295 Lycreryo
781 3213 914 3296 lirpaiee
941 3219 969 3277 et
991 3219 1121 3294 praeter
1144 3215 1344 3279 Ambrosiam
1371 3211 1539 3277 onerassed
1565 3209 1684 3275 Thetim

145 3317 351 3399 protiayaiae,
377 3323 411 3381 ai
434 3320 480 3382 ait
504 3319 716 3399 Asclepiades
763 3320 825 3398 scd,
851 3325 886 3385 ut
909 3319 1099 3404 Pherecydes
1122 3322 1208 3400 dicit,
1233 3323 1277 3386 ad
1302 3320 1421 3386 ihebes
1444 3319 1591 3385 Liberata
1608 3336 1683 3397 pcr-

151 3422 254 3487 iei-ara
276 3423 373 3488 Ιυοοὶ
395 3424 608 3490 tradiderant.

241 3529 303 3595 Sed
330 3531 425 3594 redeo
452 3531 493 3596 ad
517 3532 696 3599 (lemnanioi
724 3535 941 3618 interpretem3
970 3558 1041 3600 nam
1065 3539 1155 3600 utin
1179 3537 1302 3620 Hygino
1326 3535 1475 3600 nonnulla
1498 3531 1683 3598 Catastcris·

150 3658 274 3701 merum
298 3636 433 3702 frustula
455 3638 684 3722 indagavimus,
708 3664 788 3723 quae
811 3642 851 3705 ab
874 3642 1048 3724 interprete
1072 3643 1248 3707 Germanici
1271 3643 1492 3725 praetermissa
1515 3641 1587 3715 sint,
1610 3660 1636 3701 v.
1660 3660 1683 3700 c.

150 3742 374 3825 siglaosthenis
392 3746 431 3809 de
451 3746 599 3831 delphino
620 3749 831 3813 narrationem
851 3748 977 3834 (ilygin.
993 3748 1024 3812 ii
1042 3750 1079 3815 17
1095 3773 1124 3833 p.
1140 3749 1192 3826 56,
1207 3749 1354 3825 25-57,
1373 3751 1409 3814 ll
1431 3748 1467 3814 ci.
1487 3769 1582 3830 supra
1596 3768 1624 3828 p.
1640 3748 1684 3828 8),

151 3851 198 3914 ita
220 3852 303 3934 apud
327 3851 414 3916 iilum
434 3874 557 3935 quoquc
576 3854 679 3936 operis
699 3854 783 3920 iilius
802 3855 978 3939 imgmenta
996 3856 1095 3920 latere
1113 3863 1252 3941 possunt,
1274 3877 1355 3938 quae
1374 3856 1517 3940 Hyginus
1535 3853 1683 3917 nubserit.

150 3979 232 4040 quae
259 3980 309 4023 res
336 3966 371 4022 ut
393 3959 434 4022 ad
458 3960 612 4042 liquidum
635 3962 838 4045 perducatur,
865 3962 972 4045 paullo
995 3964 1170 4028 accuratius
1194 3965 1225 4028 in
1249 3963 1351 4028 sentes
1374 3963 1441 4027 eius
1464 3959 1683 4045 inquirendum

151 4069 208 4128 est.
245 4085 283 4127 ex
306 4063 356 4129 his
380 4071 484 4131 tamen
509 4067 662 4132 isidorum
686 4075 718 4133 et
742 4069 888 4134 Ovidium
911 4070 1091 4136 eximendos
1115 4093 1181 4135 esse
1203 4092 1322 4135 censeo.
1358 4070 1471 4134 isidori
1496 4068 1684 4133 mentionem

149 4192 180 4254 p.
198 4171 270 4247 101,
284 4171 304 4233 3
322 4193 342 4235 a
359 4180 505 4256 proterve
525 4175 750 4257 interpolatore
768 4176 910 4241 additam
929 4198 996 4241 osse
1014 4177 1160 4242 arbitror.
1176 4172 1683 4261 nequetarnenoumG.Becl‹e1·o

150 4277 391 4361 (Proiegemena
414 4282 447 4345 in
465 4280 621 4346 isidorum
644 4304 673 4365 p.
692 4283 736 4368 X)
754 4283 981 4366 Hispaliensem
1006 4283 1184 4368 episcopum
1208 4284 1451 4367 intellegendum
1475 4303 1541 4348 csse
1566 4302 1684 4364 negem,

151 4424 361 4431 —-—.-.-—-1

241 4491 273 4558 ¹¹)
301 4492 450 4546 Bursianus
478 4494 672 4564 (Sitzrmgshcr.
700 4498 725 4550 d.
750 4497 776 4550 le.
801 4496 875 4566 bayr.
901 4497 1053 4552 Airademie
1083 4498 1163 4563 1876,
1194 4501 1206 4552 1
1237 4515 1262 4567 ρ.
1288 4498 1331 4559 22)
1359 4496 1521 4565 Regillensis
1549 4500 1578 4550 ct
1606 4495 1683 4549 Mun-

151 4580 291 4649 pcssulani
316 4581 431 4650 vestigia
453 4590 563 4638 secutus
587 4583 670 4638 scribi
694 4585 771 4639 iubet
794 4586 848 4639 ino
871 4586 946 4652 ριιοιί
969 4592 1069 4641 cestren
1091 4588 1188 4641 severit
1211 4593 1281 4640 rante.
1320 4602 1390 4654 quae
1414 4586 1498 4640 rerba
1522 4602 1581 4638 cum
1606 4583 1684 4637 nobis

151 4686 201 4739 pre
221 4670 320 4725 veteris
339 4677 437 4741 poetae
457 4672 537 4727 latini
556 4674 710 4741 fragmento
730 4674 837 4740 rendit,
858 4692 954 4730 vercor
973 4683 1002 4729 ut
1021 4677 1120 4731 mutos
1139 4683 1289 4731 sectatores
1309 4675 1440 4730 inveniat.
1479 4675 1576 4728 vellem
1597 4673 1683 4727 virum

149 4757 346 4826 doctissimum,
366 4762 412 4830 qui
432 4762 465 4816 de
481 4763 582 4833 Hygini
601 4763 680 4818 libris
699 4766 750 4818 hae
770 4770 862 4819 aetate
882 4783 951 4819 rmus
971 4766 1040 4820 bene
1060 4766 1167 4832 meruit,
1187 4766 1401 4821 demonstrasset
1418 4770 1466 4820 aut
1484 4764 1512 4818 in
1527 4763 1684 4833 Astrologia

149 4854 199 4904 aut
227 4849 254 4902 in
283 4850 396 4905 Fabulis
425 4852 509 4906 uliam
537 4853 723 4908 narrationem
751 4862 850 4924 poetae
879 4854 965 4909 latine
989 4855 1091 4911 deberi.
1138 4855 1206 4910 mihi
1230 4855 1340 4925 quidem
1364 4855 1400 4910 ad
1423 4870 1535 4923 graccos
1559 4859 1684 4908 auctores

148 4938 242 4993 omnia
260 4939 351 4994 redire
372 4940 506 4996 ridentur.
544 4950 666 4998 ceterum
686 4943 720 5000 ci.
740 4943 912 5013 Epimetrum
932 4945 966 4998 ii.
