3894 5708
227 369 289 433 182
419 367 556 421 Eerroun.
799 368 893 419 Senon
920 370 1010 420 Anae.
1030 383 1054 420 ν.
1069 367 1122 421 402
1141 382 1167 434 p.
1186 366 1229 431 86,
1248 366 1291 420 35.
1336 364 1430 419 Senon
1452 364 1546 419 Genu.
1565 356 1617 418 BP}
1635 381 1662 434 p.
1678 365 1721 427 99,
1735 365 1759 418 8.

75 545 214 603 XXXIX
316 541 419 612 Τοῦτό
439 543 540 624 ἐστιν,
560 545 596 627 ἐς·
615 535 644 630 qi
662 552 752 630 πριό-
869 538 1107 630 Ἐρατοσθένης
1148 547 1228 630 (μησὶ
1269 536 1309 609 τό
1382 544 1451 608 Ηοο
1469 550 1517 609 est
1536 544 1568 607 in
1587 563 1649 627 quo
1672 543 1716 607 dii

76 631 221 707 θυτήρων·
268 676 328 717 τον
358 652 390 719 οἱ
419 654 494 719 θεοὶ
517 646 579 740 τὴν
603 671 752 737 συνωμο-
828 649 994 739 Θυτήριου
1052 661 1155 718 τοῦτο
1215 647 1310 731 εἶναι,
1337 652 1473 735 primum
1527 650 1718 717 coniuratio-

269 762 344 825 οἱαν
365 757 497 841 ἔθεντο,
517 751 573 827 ὅτε
593 760 648 827 ἐπὶ
666 757 752 846 Κρό-
825 752 882 843 ἐφ’
906 749 934 845 qi
957 752 997 825 τό
1020 766 1160 845 πρῶτον
1182 756 1214 824 oi
1235 759 1311 824 θεοὶ
1339 781 1409 825 uem
1445 759 1601 836 feceruut,
1647 779 1717 822 oum

268 890 330 934 νον
363 860 382 933 ὀ
410 861 493 947 Ζεύς
525 865 751 955 ἐστράτευσεν.
826 869 1038 952 συνωμοσίαν
1080 863 1212 946 ἐθεντο,
1253 856 1309 932 ὅτε
1337 864 1718 931 IoviseontraSaturnum

797 972 879 1039 5ἐπὶ
911 967 990 1052 τούς
1026 979 1163 1051 Τιτᾶνας
1196 969 1310 1060 ἐστρά-
1339 973 1421 1039 socii.
1573 1032 1576 1037 .
1719 980 1737 1035 5

823 1101 941 1148 τευσεν
965 1075 983 1149 ὁ
1009 1072 1091 1158 Ζεύς
1110 1076 1311 1146 Κυκλώπων

825 1186 1152 1256 κατασκευασάντων
1167 1185 1243 1273 ἐχον
1256 1186 1312 1253 ἐπὶ

825 1306 887 1363 τοῦ
905 1290 1013 1384 πυρός
1031 1295 1193 1381 κάλυμμα,
1218 1286 1312 1372 ὅπως

822 1397 866 1492 μὴ
895 1405 991 1471 ἐόωσι
1017 1397 1079 1491 τὴν
1110 1412 1172 1470 τοῦ
1195 1426 1311 1488 κεραυ-

781 1523 814 1574 10
825 1520 888 1577 νοῦ
912 1509 1064 1596 δύναμιν

313 1614 524 1702 ἐπιτυχόντες
544 1619 579 1683 ὀέ
594 1627 651 1705 τῆς
670 1617 752 1705 πρά-
870 1616 1083 1703 ἐπιτυχόντες
1107 1619 1142 1683 δὲ
1166 1625 1206 1701 τῇ
1227 1612 1310 1702 πρά·
1383 1617 1467 1699 quod
1478 1618 1722 1681 memoriaenon

269 1732 350 1806 ξεως
361 1721 489 1812 ἐθηκαν
499 1728 554 1789 καὶ
565 1719 647 1790 αύτό
659 1725 753 1813 ἐντῷ
826 1734 872 1808 §et
902 1723 1030 1813 ἐθηκαν
1058 1728 1114 1791 καὶ
1143 1725 1189 1803 εἰς
1213 1717 1310 1809 ούρα-
1339 1725 1440 1790 solum
1467 1725 1561 1787 astris
1585 1723 1724 1787 inlutum

269 1824 404 1916 ούρανῴ
447 1831 493 1909 εἰς
527 1830 751 1919 μνημόσυνον.
824 1826 905 1911 νούς
941 1825 981 1898 τὸ
1014 1824 1096 1898 αύτό
1130 1827 1310 1897 κατασκεύ-
1339 1833 1394 1896 sed
1440 1830 1537 1894 otiam
1576 1830 1724 1895 homines

267 1930 367 2003 ὀκαὶ
395 1936 441 2014 εἷς
462 1931 505 2003 τά
529 1936 698 2023 συμπόσια
721 1939 753 2005 οἱ
827 1960 922 2026 ασμα.
957 1931 975 2005 ὀ
1005 1943 1060 2006 καὶ
1089 1939 1134 2016 εἰς
1162 1929 1204 2003 τά
1234 1956 1310 2022 συμ-
1338 1938 1398 2003 hoe
1424 1937 1542 2001 habero
1573 1938 1723 2002 institue-

224 2058 257 2109 15
267 2043 449 2130 άνθρωποι
495 2045 657 2130 φέρουσιν
706 2040 753 2127 ὡς
782 2046 930 2114 lentiore
954 2048 1115 2133 ιρέρουσιν
1140 2045 1171 2112 oi
1191 2069 1310 2112 κοινω-
1338 2049 1420 2109 runt.
1445 2045 1529 2129 quod
1543 2051 1575 2109 ei
1589 2046 1622 2108 in
1637 2066 1724 2128 sym-
1736 2052 1772 2106 15

267 2149 399 2219 θύωσιν
440 2167 619 2218 κοινωνεῖν
656 2147 751 2242 άλλή-
826 2170 897 2222 νεῖν
917 2151 1129 2244 inevidenter
1144 2147 1176 2241 ἢ]
1198 2145 1311 2229 αὐτοῖς
1337 2153 1434 2235 posiiu
1511 2151 1725 2234 domibusque

267 2264 338 2336 λοις
384 2256 646 2345 προαιρούμενοι
696 2265 753 2328 καὶ
826 2259 1028 2348 αἱρούμενοι,
1047 2254 1093 2339 ὡς
1112 2257 1311 2340 ἐπιθύιυοιν,
1339 2263 1561 2325 conseerarunt
1606 2265 1640 2323 et
1689 2259 1726 2323 in

267 2366 349 2404 *²³*
397 2359 552 2451 ὀμνύειν,
606 2370 663 2433 καὶ
713 2378 753 2453 τῇ
825 2372 880 2435 καὶ
905 2369 1030 2446 ἐντοῖς
1053 2361 1178 2453 άχαῖσιν
1203 2366 1234 2432 οἱ
1254 2360 1310 2452 ὀμ-
1339 2365 1725 2449 agonibuat'desiinlu-

265 2475 346 2559 χειρὶ
368 2470 577 2556 ἐφάπτονται
596 2482 637 2558 τῇ
653 2476 753 2564 δεξιᾷ,
826 2472 918 2541 νύειν
953 2472 1154 2561 βουλόμενοι
1187 2467 1233 2552 nir
1266 2476 1311 2538 ὀι-
1339 2476 1390 2540 nis
1426 2471 1727 2557 quinquennalibus

222 2590 257 2643 20
265 2576 451 2666 μαρτύριον
498 2573 754 2671 εὐγνωμοσύνης
780 2580 1006 2670 θθκαιοτάτην
1034 2584 1148 2648 πίστιν
1174 2588 1312 2667 τηροῦσι
1338 2602 1472 2647 eoronee
1514 2580 1652 2644 hebetur
1686 2585 1774 2643 ut20

266 2696 369 2754 τοῦτο
392 2681 579 2775 ἡγούμενοι.
825 2693 882 2757 καὶ
916 2699 956 2774 τῇ
986 2692 1070 2776 χειρὶ
1102 2684 1311 2771 ἐφάπτονται
1338 2688 1474 2754 foederis
1493 2693 1606 2753 testem
1626 2685 1726 2751 edhi-

826 2794 1017 2874 ὀεικνύντες
1045 2793 1231 2883 μαρτύριον
1259 2787 1310 2860 εύ-
1338 2795 1415 2861 beni
1451 2797 1588 2879 itemque
1621 2800 1727 2870 natea,

824 2900 1041 2991 χνωμοσύνιχς
1054 2913 1166 2969 τοῦτο·
1187 2894 1312 2987 ὁμοίως
1338 2923 1434 2986 quom
1459 2924 1518 2986 per
1542 2903 1648 2986 ignem
1672 2901 1728 2967 fu·

826 3014 861 3079 ὀέ
884 3015 941 3078 καὶ
958 3010 996 3077 οἱ
1021 3008 1157 3096 μάντεις
1179 3002 1219 3077 τό
1243 3018 1310 3096 πῦρ
1338 3015 1412 3074 tura
1434 3010 1636 3093 respondent.

780 3120 842 3184 25*
861 3121 878 3158 ²8
897 3120 915 3158 θ

306 3216 389 3307 Ἔχει
409 3221 445 3288 δὲ
464 3216 604 3308 άστέρας
622 3222 677 3290 ἐπὶ
695 3234 753 3312 τῆς
1382 3223 1489 3289 Habet
1514 3223 1623 3290 stelles
1646 3223 1728 3303 1111,

268 3328 438 3415 ἐσχαρίδος
460 3326 506 3411 β’,
534 3329 589 3396 ἐπὶ
616 3340 674 3419 τῆς
696 3330 752 3414 βά-
1338 3333 1417 3398 duas
1459 3331 1493 3396 in
1528 3331 1727 3399 carbonibus

727 3438 742 3459 ιΙ

746 3493 752 3505 1

268 3453 352 3514 σεως
373 3433 421 3517 β’·
450 3429 530 3514 τούς
555 3433 686 3516 πάντας
710 3442 728 3504 ὀ
1339 3439 1426 3504 etin
1449 3439 1526 3504 boae
1548 3439 1637 3504 dues.

258 3647 285 3687 ιο
304 3624 341 3695 ὡς
360 3627 470 3686 θύωσιν
492 3634 593 3701 scripsi
615 3636 751 3689 cerebri.
816 3636 1020 3699 εΤιτᾶναςΜ.
1044 3639 1133 3699 'ibinus
1148 3636 1178 3690 V.
1217 3652 1242 3690 ιι
1261 3638 1310 3689 καὶ
1375 3632 1611 3690 rdiiS.dieiBP.
1639 3636 1773 3691 rahomi·

223 3722 320 3774 Aret:
337 3723 385 3774 καὶ
406 3716 609 3776 θύουσινῑέὀτό.
647 3740 673 3778 re
688 3731 753 3777 ante
781 3743 831 3779 ων.
851 3725 920 3780 MV.
975 3742 1000 3781 ro
1019 3719 1114 3788 αύτοῖς
1132 3726 1245 3792 scripsi:
1264 3720 1310 3778 αό-
1338 3722 1596 3795 υοεβτοοτυίοἰουε
1605 3723 1693 3779 BPS.
1704 3742 1733 3783 15
1744 3732 1774 3782 et

223 3817 384 3864 κοινωνεῖν·
407 3807 435 3864 oi
453 3811 524 3864 libri.
544 3811 595 3865 dei.
621 3811 752 3867 Wilamn·
780 3822 839 3878 τοῖς
849 3815 918 3868 MV.
947 3808 1311 3882 ιτώςέπιθύωοινεοτιμοὶε
1338 3813 1366 3866 in
1401 3811 1546 3882 rympoeiis
1582 3813 1775 3884 domibusque

222 3899 336 3952 ruinius.
360 3916 386 3955 re
401 3900 522 3953 lanienae
534 3900 644 3969 aiqnnrn
655 3904 754 3971 μονοις
780 3897 819 3968 ὡς
830 3900 963 3958 ἐπὶθυοιν
970 3905 1002 3957 M
1008 3904 1036 3957 V.
1064 3904 1113 3955 καὶ
1124 3898 1223 3967 ἐντοῖς
1235 3899 1309 3972 ὀχῶ·
1338 3908 1533 3956 connecrarunt
1542 3902 1573 3954 in
1581 3901 1736 3972 BPSpoat
1746 3923 1774 3960 ει

223 3987 292 4054 qnid
308 3988 488 4055 interciderit,
512 4005 546 4042 ee
568 3990 649 4044 schol.
670 3992 751 4046 Arai.
780 4009 826 4047 σιν
840 3989 867 4046 οὶ
881 3987 997 4060 ὀμνύειν
1010 3986 1179 4063 βουλόμενοι
1198 3992 1310 4059 arripui:
1337 3990 1505 4060 respondent
1522 3991 1663 4060 leqnntnr.
1685 3994 1775 4047 verbu

219 4077 405 4145 perspicuum.
426 4079 474 4131 καὶ
485 4072 600 4145 ὀμνύειν
610 4079 698 4134 delere
707 4099 752 4151 ορ-
781 4079 812 4137 ἐν
826 4091 885 4146 τοῖς
898 4076 988 4152 ὀγῶοι
1005 4084 1053 4135 καὶ
1068 4076 1099 4135 ἐν
1118 4088 1177 4144 τοῖς
1196 4075 1311 4147 ὀμνύειν
1337 4081 1392 4134 bne
1406 4080 1504 4134 traieci
1510 4085 1669 4148 praeeunte
1678 4081 1774 4154 Brey-

222 4165 419 4235 ῑιιίιΗιμιιικε.
458 4161 752 4239 ued‘Feilusty'bbri.
779 4168 963 4243 βουλομένοις
974 4170 1043 4224 MV.
1089 4187 1115 4227 na
1125 4172 1210 4224 τοῦτο
1221 4169 1262 4222 M.
1277 4164 1310 4223 τὸ
1338 4168 1774 4238 uiqio,qoitotnmloenmitare-

780 4265 837 4330 πῦρ
843 4259 873 4313 V.
902 4276 928 4315 τι
937 4254 970 4312 τὸ
981 4262 1037 4329 πῦρ
1046 4259 1074 4313 V.
1085 4262 1170 4313 roien
1180 4261 1311 4313 ποιοῦσιν
1338 4258 1509 4312 stituendnm
1518 4263 1684 4326 euenerat.-
1696 4262 1775 4329 quod

222 4343 263 4395 Μ.
301 4359 327 4399 an
341 4344 461 4397 ῑοοιιιιοο
474 4347 584 4415 sique-m
593 4349 693 4416 μοναί,Ι
710 4366 804 4405 verum
818 4349 899 4403 nebel.
915 4348 1004 4402 Germ.
1014 4347 1070 4401 BP
1081 4347 1141 4402 sola
1155 4354 1310 4402 reuerent.
1339 4347 1486 4402 memoriae
1505 4363 1589 4402 eausa
1607 4364 1665 4402 non
1681 4350 1774 4405 solum

1336 4436 1418 4491 nstris
1445 4436 1573 4502 inlatum,
1602 4437 1653 4492 aed
1684 4439 1774 4494 etiam

223 4520 345 4575 homines
369 4523 420 4576 boc
439 4523 468 4576 iu
488 4524 630 4594 sympoeiis
649 4528 829 4598 domibusque
848 4528 952 4582 babere
971 4525 1150 4581 Instituerunt
1169 4533 1198 4580 et
1217 4532 1419 4581 consecrarunt.
1444 4526 1515 4595 quod
1535 4525 1611 4580 etin
1629 4528 1775 4597 agonibus

223 4609 265 4677 [id
289 4615 332 4664 est
353 4610 382 4664 in
406 4612 478 4667 ludis
502 4614 763 4688 quinquennalibus]
793 4617 840 4687 qni
863 4632 978 4671 coronae
1005 4614 1129 4670 tribuunt
1152 4623 1183 4670 ut
1205 4614 1325 4671 foederis
1349 4623 1448 4671 testem
1471 4614 1612 4671 adhibent
1642 4616 1775 4688 itemque

222 4706 299 4753 vates
317 4699 345 4752 in
365 4702 416 4754 hoe
435 4718 486 4771 per
504 4703 595 4772 ignem
614 4704 737 4760 iurantes
756 4723 888 4776 respousa
907 4705 981 4759 dant.
1037 4721 1063 4759 re
1078 4704 1105 4759 id
1121 4711 1164 4760 est
1177 4709 1203 4778 β.
1218 4706 1266 4760 sed
1282 4713 1310 4760 et
1319 4705 1379 4760 BP.
1434 4722 1460 4761 κο
1474 4721 1591 4760 coronae
1606 4712 1722 4771 (comae
1732 4709 1774 4777 Β)

222 4789 341 4844 habetur
358 4790 446 4844 BPS:
468 4792 550 4846 verba
573 4793 727 4862 desperato.
756 4795 955 4866 exspectavere
978 4792 1124 4862 (menibus)
1148 4795 1310 4864 contingunt
1332 4795 1449 4850 iuraturi
1468 4802 1496 4851 et
1519 4796 1560 4850 uei
1578 4797 1671 4852 aimrie
1690 4800 1772 4867 quid.

222 4896 247 4934 ει
267 4879 399 4934 adhibent
416 4884 447 4951 βε
467 4882 633 4937 adhiberent
650 4884 710 4939 BP.
805 4902 831 4943 ns
851 4900 931 4953 quom
951 4883 1191 4939 W'lamowitzina:
1208 4900 1260 4954 per
1278 4902 1345 4953 quoe
1362 4885 1422 4940 BP.
1496 4901 1522 4941 ει
1540 4885 1636 4941 futura
1656 4887 1687 4943 S.
1707 4889 1775 4946 fura

221 4969 276 5024 BP
291 4970 460 5040 respondent
477 4973 590 5041 eenbai:
607 4974 806 5043 responderent
824 4973 885 5057 Βζ).
