3894 5708
346 366 446 421 Senon.
467 366 560 420 Grau.
579 366 611 419 G.
632 383 657 435 p.
679 365 738 430 129,
758 366 800 420 13.

219 985 235 1037 5
290 973 415 1050 Sidera,
452 996 533 1057 (suae
564 975 698 1057 gentiles
731 995 880 1058 praesepe
912 979 944 1038 et

245 1083 349 1145 asinos
382 1088 583 1155 versaverunt,
620 1088 694 1146 suut
729 1081 792 1145 snb·
824 1080 944 1145 Cunero

245 1191 425 1253 constituta.

200 4650 282 4706 iidem
309 4657 342 4704 nt
369 4657 583 4705 cormentuneam
611 4655 650 4704 ea
678 4657 703 4703 et
730 4665 764 4703 em
790 4649 871 4705 schol,
902 4648 991 4703 Germ.
1021 4649 1114 4702 elucet.

1244 365 1374 418 Humana
1394 366 1427 423 ll.
1447 365 1489 419 23.
1695 366 1735 431 91

1044 972 1078 1036 ln
1099 974 1166 1037 eius
1182 974 1419 1038 deformationis
1435 980 1524 1056 parte
1539 981 1612 1038 sunt
1626 975 1721 1057 qni-5

999 1079 1071 1143 darn
1091 1083 1144 1161 qni
1165 1080 1252 1145 dsini
1272 1081 1472 1163 adpellantur
1489 1103 1509 1144 a
1529 1081 1642 1144 Libero
1663 1083 1692 1143 in

999 1194 1083 1251 testa
1106 1187 1218 1252 Caneri
1241 1187 1363 1252 dualrus
1386 1188 1486 1252 stellis
1509 1190 1635 1252 omniuo
1659 1186 1694 1251 fi-

997 1295 1110 1375 gurati.
1153 1295 1250 1358 Liber
1278 1296 1360 1358 enim
1383 1294 1423 1358 alr
1448 1293 1565 1358 lunone
1589 1296 1694 1359 lurore

997 1400 1120 1465 obiecto
1135 1402 1251 1466 dieitur
1270 1403 1387 1485 fugisse
1405 1424 1462 1484 per
1476 1401 1695 1485 Thesprotiam

997 1509 1139 1590 cogitans
1166 1510 1204 1573 ad
1235 1508 1315 1572 Iovis
1345 1509 1507 1572 Dodonaei
1535 1509 1740 1572 ‹rraoulumln

997 1617 1170 1698 peruenire,
1188 1617 1270 1679 uude
1285 1621 1409 1698 peteret
1424 1637 1615 1699 responsum,
1634 1637 1695 1696 quo

996 1723 1119 1786 faeilius
1156 1724 1195 1786 ad
1232 1724 1399 1805 pristinum
1433 1728 1550 1785 statum
1583 1724 1696 1786 ruentis

997 1831 1182 1912 perveniret.
1212 1830 1268 1893 sed
1286 1852 1354 1893 cum
1380 1830 1516 1894 venisset
1534 1829 1575 1892 ad
1595 1852 1694 1912 qnan-

997 1937 1069 2000 dam
1092 1936 1239 2019 paludem
1263 1957 1418 2019 magnam,
1442 1958 1536 2022 quam
1559 1938 1695 2001 transire

997 2064 1058 2107 non
1077 2045 1249 2126 posset-de
1268 2044 1456 2125 quibusdam
1476 2043 1579 2107 asellis
1595 2043 1695 2107 obviis
1707 2054 1740 2107 15

997 2150 1088 2215 fantis
1099 2151 1215 2215 dieitur
1224 2173 1320 2214 unum
1331 2173 1438 2215 eorum
1449 2151 1695 2233 deprehendisse

996 2264 1029 2322 et
1043 2260 1089 2323 ita
1103 2280 1170 2323 esse
1179 2265 1385 2334 transvectus,
1399 2265 1434 2322 ut
1444 2260 1570 2322 omniuo
1580 2280 1694 2340 aquam

995 2388 1058 2430 nou
1081 2365 1229 2448 tetigerit.
1272 2367 1378 2447 itaque
1401 2388 1471 2429 eum
1496 2366 1631 2431 venisset
1654 2366 1695 2430 ad

996 2475 1147 2557 templum
1165 2472 1247 2537 Iovis
1270 2473 1432 2538 Dodonaei
1452 2474 1560 2537 statim
1578 2472 1696 2537 dieitur

996 2582 1101 2645 surore
1128 2580 1280 2644 liberatus
1307 2579 1412 2645 asellis
1436 2582 1569 2663 gratiam
1594 2588 1740 2643 redu-20

996 2688 1068 2752 lisse
1088 2694 1120 2751 et
1139 2689 1221 2750 inter
1239 2696 1325 2751 ostra
1343 2687 1528 2752 conlocasse.
1553 2686 1692 2751 nonnulli

995 2796 1091 2859 etiam
1122 2795 1268 2858 dixerunt
1300 2796 1388 2859 asino
1417 2795 1477 2869 illi,
1509 2817 1571 2877 quo
1599 2794 1696 2858 fuerit

995 2911 1111 2977 nectus,
1125 2922 1229 2964 vocem
1244 2902 1412 2965 humanam
1427 2902 1558 2967 dedisse.
1587 2902 1694 2984 itaque

995 3032 1067 3072 eum
1086 3016 1196 3092 postea
1213 3030 1282 3073 cum
1301 3009 1416 3093 Priapo
1439 3010 1636 3074 contendisse
1655 3008 1694 3073 de

996 3123 1164 3182 naturast
1188 3117 1335 3181 victorem
1359 3116 1399 3180 ab
1423 3140 1460 3180 eo
1484 3117 1739 3182 interfecturum

995 3246 1052 3306 pro
1075 3246 1137 3306 quo
1157 3222 1305 3286 Liberum
1329 3226 1397 3288 eins
1420 3224 1582 3288 misertum
1602 3225 1633 3289 in
1653 3224 1694 3288 si·

995 3329 1123 3393 denibus
1147 3331 1381 3403 adnumerassm
1404 3335 1432 3393 rt
1454 3335 1490 3393 td
1508 3334 1641 3396 sciantur
1659 3332 1695 3395 td

993 3458 1057 3516 pro
1080 3437 1149 3512 deo,
1174 3456 1239 3500 ooo
1259 3458 1320 3517 pro
1342 3436 1465 3500 lrornioo
1488 3439 1612 3515 timido,
1638 3441 1695 3520 qai

997 3543 1151 3606 [retrone-m·
1177 3543 1308 3624 seruerit,
1337 3545 1458 3624 fecisse,
1483 3566 1585 3625 sumo
1608 3544 1693 3609 Carr-

997 3672 1085 3714 ermn
1103 3651 1274 3728 revestit-nil,
1296 3652 1353 3734 qni
1371 3654 1439 3715 (dms
1458 3652 1534 3715 ‹teat›
1549 3653 1739 3732 lnmrsleiossd

996 3757 1104 3837 flnord
1123 3758 1253 3837 (aritiens
1272 3760 1377 3821 ostris,

1032 4031 1124 4093 armat
1151 4022 1252 4079 dicitur
1282 4026 1314 4077 in
1346 4023 1423 4078 libras
1452 4024 1595 4078 rionrrallis
1622 4024 1739 4078 additur

995 4122 1086 4168 mente
1102 4120 1206 4184 captus,
1221 4130 1293 4181 mooe
1307 4129 1369 4167 ment
1383 4115 1415 4167 in
1425 4114 1489 4167 ΕΜ
1490 4117 1496 4146 ¹
1508 4113 1605 4183 derint,
1620 4114 1739 4168 delenda

995 4219 1050 4256 esso
1067 4208 1139 4256 recte
1156 4203 1255 4256 statuit
1273 4203 1443 4256 Bereiaros.
1482 4221 1508 4259 ιο
1527 4203 1668 4257 Dodonaei
1687 4221 1738 4257 orn.

995 4292 1028 4345 R.
1050 4298 1078 4344 nt
1097 4309 1120 4344 r.
1140 4291 1220 4345 solml.
1242 4291 1331 4345 Germ.
1384 4308 1410 4347 m
1425 4298 1490 4360 post
1508 4291 1614 4346 asellis:
1634 4292 1738 4347 dnobus

994 4381 1089 4450 BMP,
1109 4380 1181 4433 idem
1200 4382 1229 4433 in
1248 4379 1275 4433 R
1293 4381 1410 4448 olimque
1429 4386 1493 4434 onte
1511 4381 1605 4435 asellis
1626 4380 1739 4451 lenitur:

994 4468 1128 4538 alemano
1151 4486 1206 4523 ease
1228 4469 1298 4522 uidit
1321 4469 1513 4540 Kiessliwrcs.
1556 4469 1643 4523 obviis
1662 4472 1737 4524 llar-

996 4560 1072 4611 m'uni
1089 4559 1159 4612 libri.
1179 4557 1286 4615 obviam
1307 4559 1364 4613 alii.
1470 4578 1494 4614 21
1514 4560 1637 4614 nonnulli
1657 4562 1738 4614 intono

1219 4664 1245 4704 ao
1273 4647 1403 4703 rictorem
1432 4651 1530 4717 scripsi
1556 4650 1627 4703 conl.
1657 4650 1737 4703 Loet.

201 4741 301 4796 victrrm
321 4741 390 4795 libri.
419 4741 475 4806 fred
494 4757 556 4793 crem
575 4739 708 4793 traditam
727 4739 868 4793 lectionem
886 4756 938 4806 pro
955 4739 1080 4807 oon-nino
1098 4736 1223 4791 deberem
1242 4738 1321 4805 upraed
1335 4738 1486 4792 Phil-iseum
1504 4755 1565 4791 rurrt
1579 4740 1739 4793 cerdnminr‘u

200 4830 388 4884 condicionem
406 4831 492 4897 seriose
512 4835 601 4899 rotun,
620 4835 652 4882 nt
673 4832 757 4882 ru'etor
778 4829 876 4882 rictum
896 4829 1074 4892 interimerem
1097 4832 1140 4895 nt,
1161 4828 1269 4895 (niterer,
1288 4827 1341 4881 dac
1360 4827 1521 4882 condicione
1539 4845 1600 4881 earn
1621 4829 1670 4881 deo
1689 4830 1737 4880 irrr-

200 4919 312 4973 mortolr'
332 4937 368 4973 ne
390 4921 489 4973 adorus
508 4917 617 4986 qrodlern
636 4923 764 4972 remcaret
787 4923 812 4971 et
827 4933 945 4986 prorsam
963 4916 1120 4970 necessario
1138 4922 1177 4969 ast
1196 4917 1235 4970 rel
1251 4916 1283 4968 in
1300 4917 1401 4983 salida
1419 4919 1543 4987 satyrica
1563 4915 1736 4987 περιπέτεια.

201 5026 228 5064 ss
239 5009 286 5078 qui
296 5009 408 5077 scripsi.-
427 5009 491 5079 quia
505 5009 576 5063 libri.
621 5026 648 5063 uo
666 5008 713 5077 qui
728 5007 787 5062 eius
801 5008 870 5062 deae
880 5007 992 5075 scripsi:
1011 5006 1083 5075 qnod
1094 5006 1163 5061 dene
1173 5005 1207 5061 R.
1219 5006 1265 5076 qni
1276 5006 1345 5061 deae
1355 5007 1450 5061 MPB.
1460 5007 1506 5077 qni
1518 5007 1576 5061 eius
1586 5006 1616 5061 D
1625 5008 1736 5075 aliique.
