3894 5708
1655 349 1698 416 35

160 523 290 607 Bergk.)
314 531 346 590 et
370 525 524 591 Hesiodus
548 526 676 610 (Hygia.
699 526 846 608 astrolog.
870 524 983 609 1134)
1007 526 1138 591 eandem
1162 526 1353 591 narrationis
1376 526 1507 592 formam
1531 529 1699 612 protulisse

160 632 317 708 ridentur,
339 653 419 716 quae
441 636 616 717 posteriore
638 640 744 699 aetate
767 634 904 716 vulgaris
927 640 1004 698 erat.

250 738 312 805 Sed
335 760 432 824 pergo
455 739 674 806 Eratosthenis
693 740 914 823 Catalogorum
938 739 1005 805 lata
1028 761 1188 815 enarrare;
1210 740 1267 804 hos
1290 742 1388 824 igitur
1406 741 1552 824 Nigidius
1574 764 1697 826 quoque

158 845 275 929 legisse
297 845 435 922 videtur,
462 868 500 911 ox
528 868 590 930 quo
617 853 723 912 tamen
751 847 849 912 solam
872 847 1024 931 Erigones
1051 847 1262 923 historiolam,
1288 853 1325 913 ut
1350 870 1420 913 cum
1443 848 1570 915 scholiis
1593 850 1698 915 Iliacis

160 962 374 1035 comparetur,
405 955 489 1018 inter
516 952 738 1037 catalogorum
766 954 942 1037 fragmenta
968 955 1078 1019 lectori
1106 955 1340 1038 proponendam
1368 977 1434 1020 csse
1462 956 1551 1031 duxi;
1583 964 1715 1032 omncs,

159 1080 242 1142 quae
268 1060 353 1143 apud
375 1059 537 1143 Nigidium
564 1062 606 1126 ad
630 1059 796 1146 Catalogcs
820 1061 966 1137 redeunt,
993 1062 1190 1126 narrationes
1218 1062 1461 1145 proposuissem,
1492 1062 1551 1128 nisi
1579 1064 1630 1128 ille
1657 1063 1698 1129 ab

159 1165 372 1232 Eratosthene
399 1168 432 1231 in
459 1167 591 1249 singulis
618 1188 808 1251 magnopere
836 1168 1012 1232 discederet
1039 1167 1224 1251 fabulasque
1252 1189 1308 1232 suo
1332 1167 1435 1232 Marte
1462 1169 1570 1234 multis
1598 1171 1697 1236 modis

159 1274 299 1339 varisuct
316 1279 412 1357 atquc
431 1282 605 1339 exornaret.
637 1275 782 1340 Ovidium
801 1296 926 1360 quoquo
944 1280 1039 1358 attyro
1059 1275 1278 1340 Geuuauieum
1298 1279 1381 1359 ipsos
1400 1275 1567 1358 Catulogcs
1585 1277 1696 1358 legisse

158 1380 357 1447 crediderim.
402 1387 510 1465 postea
533 1386 639 1446 autem
661 1381 881 1446 Eratosthenis
904 1404 982 1465 opus
1006 1383 1037 1445 in
1062 1383 1281 1464 compcudium
1307 1388 1515 1459 contractum,
1543 1384 1696 1464 geuuirrns

159 1487 239 1551 ordo
258 1487 376 1552 Arctoo
394 1493 591 1570 permutatus
610 1494 666 1553 cst.
707 1495 777 1554 erat
800 1490 861 1553 iarn
884 1488 1086 1573 mythologici
1111 1489 1143 1553 iu
1162 1489 1294 1552 Aratum
1318 1489 1566 1554 commentarioli
1585 1490 1697 1566 iustar3

159 1592 391 1660 inscribebatur
410 1597 685 1680 Karcosrpsopol‚
708 1595 927 1661 Eratosthenis
950 1601 1055 1660 tamen
1078 1596 1273 1679 praeclarum
1296 1616 1409 1660 nomen
1432 1596 1571 1661 retinuit.
1612 1597 1696 1680 quod

159 1708 267 1766 tamen
298 1723 338 1766 ne
369 1708 444 1767 auto
476 1702 610 1767 alterum
642 1726 671 1787 p.
700 1702 772 1769 Chr.
805 1703 961 1768 saeculum
994 1703 1112 1767 facturn
1139 1724 1206 1769 esse
1233 1723 1372 1778 reamur,
1405 1701 1697 1768 Catasterismorum

160 1809 258 1875 dictio
281 1809 434 1893 impedire
456 1810 589 1876 videtur.
626 1831 698 1875 nam
721 1810 780 1875 etsi
804 1831 841 1874 ex
865 1811 909 1874 eis
932 1811 987 1893 qui
1011 1811 1042 1874 iu
1062 1809 1207 1893 Epitomo
1226 1808 1390 1874 offendunt
1408 1809 1599 1875 soloecismis
1617 1810 1696 1874 mul-

160 1924 212 1981 tos
234 1914 342 1981 infima
364 1917 491 1981 demum
513 1921 619 1982 aetate
642 1917 757 1981 inlatos
780 1937 847 1981 esse
869 1939 970 1999 neque
994 1917 1026 1980 in
1046 1916 1278 1983 Catasterismis
1301 1916 1443 1980 extitisse
1466 1916 1601 1981 libenter
1624 1938 1698 1982 cou-

160 2023 283 2100 cedam,
315 2028 420 2088 tamen
448 2027 480 2088 et
506 2022 539 2086 in
568 2023 693 2088 scholiis
721 2023 846 2088 Arateis
878 2044 958 2106 quae
988 2023 1281 2089 Catastorismorum
1313 2043 1489 2088 sermonem
1521 2024 1697 2089 accuratius

161 2129 294 2194 reddere
312 2130 459 2194 videntur
482 2131 569 2194 etin
593 2131 638 2195 eis
661 2142 742 2213 quae
760 2131 919 2213 Hyginum
942 2130 1054 2214 legisse
1077 2152 1203 2196 necesse
1226 2136 1274 2195 cst
1296 2130 1413 2205 insunt,
1436 2151 1516 2212 quae
1539 2152 1577 2194 nc
1596 2132 1696 2215 primo

161 2236 287 2320 quidem
310 2259 339 2321 p.
363 2235 434 2301 Chr.
458 2237 581 2302 saeculo
605 2236 745 2302 tribuere
767 2238 877 2313 ausim,
900 2237 1051 2302 sermonis
1074 2238 1159 2302 vitia.
1204 2237 1288 2301 unde
1311 2235 1454 2313 efficitur,
1477 2259 1517 2301 ne
1540 2236 1698 2319 Hyginum

161 2343 289 2426 quidem
310 2343 366 2407 illa
387 2350 493 2410 aetate
515 2343 725 2429 antiquiorem
744 2364 811 2409 esse
830 2366 929 2427 posse,
952 2345 1109 2408 diversum
1129 2343 1225 2428 igitur
1243 2365 1310 2408 esse
1329 2343 1526 2426 Astrologiae
1545 2347 1577 2407 ct
1595 2343 1698 2407 Fabu-

160 2451 264 2514 larum
286 2457 446 2516 auctorem
468 2473 488 2515 a
510 2451 683 2516 clarissimo
708 2451 843 2535 Augusti
866 2448 981 2515 liberto
1004 2473 1041 2516 ac
1064 2450 1314 2527 bibliothecario,
1337 2450 1369 2515 C.
1391 2449 1472 2514 lulio
1496 2450 1628 2533 Hygino.
1665 2451 1698 2517 id

162 2558 246 2642 quod
271 2558 333 2622 iarn
356 2556 397 2622 ab
420 2558 492 2622 aliis
515 2561 670 2623 statutum
693 2563 749 2623 est.
795 2564 931 2623 ceterum
955 2558 992 2623 cf.
1016 2558 1116 2642 Epim.
1137 2558 1179 2651 ΙΙΙ.
1226 2557 1368 2641 Hyginus
1391 2557 1489 2641 igitur
1512 2557 1698 2623 Catasteris·

162 2685 243 2740 mos,
273 2685 336 2728 non
365 2664 531 2749 Critalogos
563 2664 742 2748 compilavit
769 2671 865 2748 atque
894 2664 978 2728 idem
1006 2664 1148 2729 fecerunt
1176 2665 1265 2728 Arati
1294 2663 1492 2740 scholiastes,
1520 2664 1697 2729 Gennanici

162 2772 328 2855 interpres,
350 2791 421 2836 eum
445 2772 514 2836 dico
537 2794 558 2835 a
580 2792 642 2854 quo
664 2772 784 2837 scholia
807 2771 1000 2836 Basilccnsia
1021 2772 1163 2855 profecta
1190 2778 1276 2846 sunt,
1304 2771 1439 2853 denique
1463 2769 1563 2835 Rufus
1587 2772 1699 2836 Festus

163 2878 310 2943 Avienus.
361 2877 576 2943 Catastc1ismi
607 2878 882 2962 progredientibus
915 2879 1047 2943 saeculis
1074 2879 1189 2943 sensim
1217 2878 1332 2942 concisi
1365 2884 1438 2942 suut
1466 2884 1561 2959 atque
1589 2878 1698 2942 decur-

162 2985 233 3061 tati,
255 2984 354 3050 donec
378 2986 409 3049 in
432 2984 515 3050 hanc
537 3007 630 3067 quam
652 3007 710 3051 nos
733 2992 874 3051 tenemus
897 2985 1063 3069 Epitomen
1087 2987 1238 3050 contracti
1263 2989 1345 3061 suut,
1372 3005 1434 3068 qua
1455 2984 1504 3048 rel
1528 2984 1697 3049 Eudociam

163 3096 197 3157 ct
222 3092 407 3174 magistrum
430 3092 480 3155 cui
504 3090 624 3157 scholia
646 3091 929 3175 sangermanensis
951 3093 1106 3157 debentur
1129 3091 1283 3175 ampliora
1309 3090 1423 3173 legisse
1450 3111 1545 3173 supra
1567 3091 1698 3156 ostendi.

163 3198 224 3262 bac
254 3198 351 3281 igitur
382 3199 504 3262 ratione
536 3198 830 3263 Catasterismorum
863 3200 1052 3281 fragmenta,
1084 3220 1165 3282 quae
1192 3220 1264 3262 mox
1291 3197 1351 3262 tibi
1377 3199 1594 3280 propositurus
1623 3218 1700 3273 suin,

163 3326 235 3369 curn
258 3304 469 3369 Eratosthene
491 3303 668 3369 cohaerent
