3894 5708
1679 349 1742 415 207

204 526 285 591 illud
308 529 432 593 mittam
455 529 650 613 prooemium
673 528 897 612 disputationis
920 529 964 612 (p.
985 529 1059 606 221,
1081 531 1146 591 1-
1160 528 1214 610 13)
1238 549 1278 592 ne
1301 536 1409 592 extare
1432 528 1559 610 quidem
1583 529 1615 593 in
1639 528 1745 594 Stroe-

204 635 310 700 aiacis.
320 639 347 718 ⁹)
386 642 529 703 tenemus
561 638 660 720 igitur
691 657 754 700 non
786 636 1070 719 Sangermanensia
1101 658 1140 701 ex
1171 635 1374 711 Strozaianis‚
1406 637 1462 702 sed
1493 636 1675 702 Strozziana
1707 659 1746 701 ex

205 741 527 827 sangermanensibus
550 743 684 809 fluxisse.

294 852 396 917 Venio
423 852 465 917 ad
493 851 629 929 fabulas,
657 873 738 936 quae
766 852 798 915 in
827 851 955 917 scholiis
982 850 1174 916 Stroaaianis
1201 852 1361 936 legrmtur3
1390 872 1427 916 ac
1453 852 1590 934 primum
1617 851 1744 933 quidem

205 959 256 1021 vix
283 966 345 1033 cst,
377 960 462 1041 quod
494 980 652 1036 moneam,
685 961 790 1023 omnia
816 981 897 1042 quae
924 959 957 1021 in
985 958 1035 1023 his
1063 959 1191 1024 scholiis
1219 965 1328 1024 extant
1355 959 1474 1041 Nigidii
1502 957 1680 1042 fragmenta
1706 981 1745 1023 ex

204 1065 437 1130 Basiloensibus
460 1068 620 1151 descripta
648 1088 723 1131 esse.
753 1067 784 1128 in
808 1067 920 1130 ceteris
942 1087 1016 1130 vero
1039 1065 1155 1130 fabulis
1179 1065 1362 1131 enarrandis
1386 1067 1426 1143 is,
1449 1067 1503 1150 qui
1526 1065 1604 1130 haec
1627 1066 1745 1131 scholia

204 1172 397 1256 compilavit,
430 1174 476 1237 ita
507 1175 586 1256 egit,
616 1180 654 1237 ut
679 1172 906 1237 Basileeusium
938 1180 971 1237 et
1003 1171 1320 1256 Sangcrmanensium
1352 1175 1550 1238 narrationes
1583 1176 1615 1237 in
1648 1195 1743 1237 unum

204 1278 368 1356 conflaret3
396 1281 484 1345 cuius
509 1281 555 1344 rei
578 1301 680 1363 pauca
703 1280 846 1362 exempla
867 1301 1041 1363 proponam
1065 1280 1112 1344 ita
1134 1281 1273 1364 quidem,
1300 1287 1349 1358 ut,
1373 1301 1453 1365 quae
1476 1301 1514 1345 ex
1538 1281 1563 1343 B
1587 1278 1745 1344 fluxerunt

203 1386 309 1464 verba,
331 1387 500 1463 inclinatis,
523 1407 604 1470 quae
627 1408 666 1451 ex
689 1385 726 1464 G,
749 1386 850 1451 solitis
873 1386 989 1452 litteris
1013 1389 1197 1465 excudenda
1218 1408 1331 1452 curem.

293 1510 336 1574 IV
361 1511 578 1595 Engonasin
600 1534 629 1595 p.
656 1513 728 1589 118,
749 1514 764 1577 1
782 1535 804 1576 s.
830 1510 883 1598 (cf.
908 1512 1024 1577 Catast.
1048 1512 1159 1596 fragm.
1183 1534 1210 1594 p.
1235 1511 1278 1575 62
1293 1514 1330 1594 s.)

337 1635 447 1701 Draco
472 1639 639 1702 immensae
656 1637 889 1720 rnapnr'tndr'nis
912 1637 1074 1702 lcortorarn
1097 1641 1201 1701 castos
1223 1637 1437 1718 insonrnisqae
1454 1636 1555 1718 fnisse
1573 1638 1700 1717 dicitnr,
1725 1659 1744 1702 a

249 1742 367 1808 lunone
390 1746 430 1808 ad
455 1744 695 1809 custodiendum
718 1765 815 1808 aurea
838 1744 922 1808 mala
945 1743 1065 1830 esse¹⁰)
1089 1743 1286 1809 constitutus.
1320 1743 1481 1820 Hercules,
1504 1765 1575 1809 canc
1594 1744 1744 1809 admota

248 1869 349 1912 anrca
374 1849 536 1930 profectas
562 1855 651 1928 esset,
681 1856 716 1914 at
743 1851 841 1932 refert
865 1850 1027 1914 Pannonis
1050 1850 1221 1928 Heraclea,
1251 1850 1351 1915 fertur
1374 1852 1543 1934 peremisse
1566 1858 1598 1917 ct
1625 1852 1743 1917 idcirco

248 1955 331 2020 inter
354 1964 440 2022 astra
462 1958 503 2021 ab
527 1938 654 2044 10v0'11)
677 1957 759 2021 hanc
783 1957 920 2022 lahorem
942 1959 1110 2022 nrerrrorr‘ac
1133 1958 1264 2041 dignam
1286 1957 1453 2023 honoravit
1475 1963 1505 2023 et
1527 1965 1678 2042 atrosque
1700 1961 1743 2023 ai·

249 2062 376 2126 ceribus
397 2065 508 2128 intulit
529 2066 579 2130 ita
601 2070 636 2129 nt
659 2067 694 2128 in
718 2066 886 2130 certamine
909 2064 997 2145 sacre
1019 2087 1127 2130 eor-arn
1149 2064 1284 2144 nantas,
1308 2067 1462 2147 serpentis
1483 2072 1580 2148 capnt
1602 2067 1668 2131 iarn
1691 2067 1742 2131 de-

248 2169 371 2250 [ccinnr.
405 2172 458 2255 qui
487 2172 558 2237 ideo
590 2174 623 2237 in
655 2193 737 2255 genu
765 2179 853 2237 stans
884 2173 1028 2237 manibus
1057 2194 1179 2237 sursum
1207 2173 1358 2249 extensis,
1386 2174 1497 2238 dextro
1525 2174 1605 2258 pede
1633 2180 1743 2239 contra

248 2277 415 2342 draconem
442 2284 588 2361 porrecto
615 2280 770 2362 pingitur„
797 2286 833 2344 ut
856 2281 1036 2345 certaminis
1060 2280 1151 2345 labor
1178 2277 1379 2363 significetur.
1412 2281 1482 2346 ideo
1506 2281 1619 2365 pellem
1642 2282 1742 2346 leonis

247 2384 283 2447 in
305 2386 439 2450 sinistra
461 2407 559 2450 mann
581 2386 700 2450 hahere
723 2385 865 2470 fingitur,
888 2394 924 2451 ut
948 2387 1069 2471 insigne
1092 2387 1272 2470 virtutis¹²)
1295 2393 1499 2461 monstretur,
1523 2387 1597 2470 quia
1619 2387 1742 2452 leonem

248 2491 376 2554 inermis
400 2491 593 2558 interfecisse
617 2496 826 2579 narratur.¹³)

337 2616 415 2680 XIII
439 2617 617 2701 Agitator
639 2639 668 2702 p.
696 2617 767 2691 133.
786 2620 838 2684 8s.
864 2618 916 2704 (cf.
941 2619 1058 2683 Catast
1083 2617 1193 2701 fragm.
1217 2641 1246 2701 p.
1271 2619 1339 2705 98.)

338 2743 395 2821 qni
411 2743 540 2824 pancas
562 2743 741 2828 currum¹⁴)
766 2745 848 2808 inter
871 2744 1012 2809 homines
1036 2744 1143 2809 docuit
1165 2766 1262 2828 equos
1287 2743 1376 2808 albos
1400 2744 1528 2826 iungere
1539 2744 1580 2828 ¹⁶)
1606 2752 1638 2808 et
1660 2743 1742 2809 Solis

247 2850 421 2933 quadrigae
440 2849 573 2913 similem
592 2849 695 2913 facere
714 2851 910 2932 primumque
929 2849 1160 2916 Panathenaea
1178 2851 1386 2927 corrstr'tnissc,
1404 2871 1510 2914 arcem
1528 2850 1741 2934 templumque

247 2953 429 3021 aedificasse
452 2957 577 3021 dicitur.
612 2977 702 3038 qncrn
726 2955 812 3020 Iocis
834 2958 972 3020 miratae
995 2959 1093 3021 astris
1116 2962 1271 3038 receptam
1293 2957 1461 3021 raemoriae
1483 2956 1629 3020 tradidit.

293 3242 314 3301 ⁹)
333 3241 444 3295 Addere
463 3247 587 3310 poteram
605 3256 800 3308 nonuunquam
821 3256 861 3299 ea.
881 3257 952 3310 qliae
971 3240 998 3293 in
1018 3240 1298 3308 sangermanensibns
1317 3247 1392 3294 recte
1412 3239 1543 3295 distincta
1557 3241 1693 3310 leguntur,
1713 3242 1741 3297 in

203 3330 369 3386 Strozzianis
392 3346 538 3399 perperam
562 3330 670 3393 diuelli,
695 3346 840 3398 perperam
865 3329 1004 3397 coniungi;
1031 3328 1104 3382 velut
1123 3329 1370 3397 Sangermanensia
1388 3345 1414 3398 p.
1434 3331 1500 3394 228,
1519 3331 1536 3384 5
1555 3331 1635 3384 cuias
1656 3333 1740 3399 (Mer-

204 3421 288 3487 carii)
308 3419 415 3474 chades
434 3420 562 3486 (debebat
580 3427 629 3473 aut
648 3419 720 3473 airis
738 3426 786 3473 aut
805 3419 911 3485 absida,
931 3421 979 3473 sed
999 3435 1074 3473 error
1093 3434 1127 3472 ex
1143 3418 1231 3472 Plinio
1247 3419 1273 3472 11
1289 3422 1323 3474 64
1338 3425 1428 3478 natust
1447 3419 1583 3473 naama
1595 3421 1627 3473 in
1642 3420 1741 3488 Capri-

203 3526 289 3564 corno
307 3515 354 3578 cst,
374 3526 469 3563 nocem
488 3508 582 3563 diebus
600 3510 690 3563 ociore
709 3509 825 3576 archita,
844 3509 925 3562 nodo
944 3514 1009 3562 ante
1026 3508 1091 3561 solra
1110 3513 1235 3561 exortam
1252 3508 1332 3561 modo
1347 3515 1412 3576 post
1430 3525 1570 3578 occararn,
1594 3523 1741 3574 rnnrqrram

203 3599 252 3653 ab·
267 3614 297 3652 co
323 3600 453 3652 remotior
475 3600 574 3667 uiginti
596 3597 706 3651 derebus
726 3598 863 3666 part-ibae.
901 3599 1084 3650 irnmcrantar
1106 3597 1193 3664 ipitar
1215 3598 1246 3649 r‘n
1269 3597 1344 3651 coita
1366 3598 1431 3652 eolre
1453 3603 1478 3651 ct
1501 3615 1559 3652 non
1582 3603 1742 3666 comparent

202 3689 235 3741 r‘n
262 3688 337 3741 caelo
365 3686 487 3741 Saturni
512 3686 591 3740 sidae
618 3693 642 3741 et
670 3686 775 3739 Martie
803 3702 864 3739 err-nr
889 3687 1042 3755 plurimam
1070 3685 1165 3739 diehnr
1189 3684 1299 3738 CLXX
1320 3703 1340 3739 c.
1361 3704 1385 3755 a.
1404 3703 1424 3740 e.
1449 3694 1545 3742 contra
1567 3685 1741 3741 Strozziauns

203 3795 230 3847 p.
251 3779 314 3841 184,
334 3778 358 3831 8.
392 3776 473 3829 cirins
500 3777 607 3830 absides
633 3776 733 3828 citima
765 3775 896 3839 rdebebat
923 3775 1073 3840 chisaima5
1105 3781 1227 3827 ceterum
1254 3774 1327 3828 idem
1356 3791 1432 3829 error
1459 3775 1487 3830 in
1515 3775 1740 3844 sangallensibus

203 3865 344 3920 codicibus
368 3864 531 3919 scholiorum
552 3865 824 3933 sangermanensinm
850 3864 953 3926 obvius)
976 3864 1008 3916 in
1028 3862 1198 3930 Capricorno
1222 3868 1260 3917 cat
1282 3881 1378 3917 nocem
1401 3864 1495 3918 dictas
1517 3867 1607 3919 ociore
1626 3864 1740 3934 amata,

203 3955 284 4008 modo
308 3961 373 4008 anic
394 3955 460 4008 cotes
483 3960 594 4008 exortus
618 3953 698 4008 modo
718 3960 782 4021 post
806 3968 932 4020 accarca,
955 3968 1104 4019 nunqnam
1127 3953 1161 4005 ah
1184 3968 1215 4004 co
1237 3953 1372 4006 remotior.
1401 3954 1488 4021 ipitnr
1509 3953 1609 4022 cipintr'
1631 3953 1766 4031 dachar,

199 4043 331 4112 parisina
353 4049 501 4097 morantur
523 4044 554 4096 in
577 4044 651 4095 coita
674 4044 738 4097 aclis
762 4049 787 4096 ct
805 4059 863 4095 non
881 4047 1039 4110 occuparent
1058 4040 1141 4094 caclo.
1171 4040 1293 4094 Saturni
1309 4040 1387 4095 sidae
1406 4048 1431 4096 et
1449 4042 1552 4096 Martia
1570 4058 1633 4096 cnm
1648 4042 1739 4110 plari-

201 4150 278 4187 rnnm
297 4132 391 4186 rtielrns
410 4139 518 4186 centurn
536 4133 729 4201 scptrrapintce
747 4150 767 4185 e.
780 4147 803 4199 q.
814 4148 835 4184 c.
864 4147 953 4185 nonne
973 4132 1024 4185 hoe
1043 4146 1154 4199 prorsus
1173 4129 1296 4199 ineptum
1312 4132 1372 4184 est?
1400 4130 1465 4199 quid
1482 4131 1657 4201 Breysigius?
1675 4138 1740 4186 ante

202 4223 332 4276 remotior
351 4221 524 4291 corruptelae
544 4221 620 4290 siguo
645 4221 733 4290 posito
754 4220 827 4275 etin
848 4219 1024 4275 adnotatione
1043 4219 1127 4274 Plinii
1146 4219 1246 4288 capite,
1267 4221 1338 4274 unde
1357 4220 1494 4290 principio
1513 4221 1581 4274 haec
1600 4220 1742 4290 descripta

201 4320 274 4376 amit,
294 4311 416 4366 indicato
435 4319 529 4366 cetera
547 4311 653 4364 intacta
670 4311 785 4378 reliquit
804 4317 943 4378 tamquam
963 4309 1147 4378 intellegeret.

293 4402 325 4459 ¹⁰)
344 4416 399 4454 esse
418 4400 523 4470 scripsi.
553 4405 619 4453 casei
638 4401 662 4453 S.
692 4400 745 4453 dcl.
764 4403 790 4470 β.

293 4491 324 4556 ¹¹)
345 4490 379 4542 ab
393 4490 458 4543 Ione
477 4507 511 4544 ex
527 4490 558 4543 G.
574 4506 627 4543 uon
646 4479 766 4543 debehat
782 4487 939 4558 Breysigius
954 4487 1031 4542 locis
1049 4487 1179 4552 scrihere,
1199 4502 1262 4541 nam
1281 4487 1445 4556 compilator
1461 4487 1490 4541 in
1510 4487 1739 4542 constructionem

202 4594 328 4651 peecare,
349 4595 429 4647 qnam
449 4579 552 4633 tradita
570 4579 654 4632 verbe
673 4584 779 4632 mutare
799 4578 909 4632 mavult.

294 4667 326 4733 ¹²)
345 4669 452 4737 insigne
471 4668 581 4720 cartana
601 4667 632 4729 U,
652 4669 723 4735 quod
744 4683 837 4721 verum
857 4683 917 4721 esse
937 4683 971 4721 ax
990 4667 1013 4720 (l
1033 4666 1206 4735 perspicitur.
1234 4667 1353 4735 insignis
1370 4667 1471 4720 viriato
1488 4666 1514 4720 S.

295 4758 325 4817 ¹⁸]
344 4758 456 4810 inermia
475 4774 508 4810 cx
529 4757 551 4811 G
571 4756 620 4810 suh
640 4757 732 4810 Leone
751 4774 777 4826 p.
800 4759 857 4820 131,
877 4758 911 4810 ‘22
931 4757 1043 4821 (Catast.
1064 4755 1158 4824 fragm.
1180 4757 1232 4809 XII
1253 4774 1278 4824 p.
1298 4757 1332 4810 ei
1352 4771 1369 4808 a
1386 4755 1421 4822 4).

294 4847 326 4908 ¹⁴)
345 4863 459 4900 carram
477 4862 512 4900 ex
532 4846 677 4915 Fulgentio
696 4847 723 4901 11
743 4848 776 4901 14
795 4863 818 4900 r.
838 4845 918 4900 iufra.

294 4936 325 5003 ¹⁶)
346 4937 457 5005 irnrpcrc
477 4937 507 4989 U.
526 4936 642 5006 frrrrperc
661 4937 686 4990 S.
