3894 5708
284 264 386 320 Senon.
406 264 497 318 (insu.
518 264 549 318 G.
574 281 600 333 p.
622 266 680 327 160,
699 255 745 318 2οζ
1189 265 1319 319 Hremns
1337 264 1372 329 ΙΙ,
1393 266 1433 321 16.
1622 266 1681 329 157

231 442 381 528 Aquilam
407 465 483 511 saue
509 443 593 509 inter
615 444 722 509 sidera
743 444 886 510 conloca·
984 445 1072 511 Haeo
1099 451 1147 511 est
1173 466 1254 528 quae
1281 445 1397 511 dicitur
1425 443 1638 529 Ganymedem

190 554 255 615 tam
290 538 416 618 fabulae
457 552 564 618 lerunt
604 558 734 635 propter
773 550 885 617 lovem.
940 555 1081 637 rapuisse
1095 559 1127 618 et
1140 554 1260 617 amanti
1273 551 1340 618 Iovi
1357 552 1539 627 tradidisse;
1557 551 1639 617 hane

188 657 256 740 qni,
284 681 355 725 cum
382 660 428 726 dii
451 681 559 725 omnes
581 661 723 723 volucres
746 658 831 723 inter
853 680 886 724 se
940 661 1036 726 etiam
1064 661 1185 743 Iupiter
1211 661 1299 744 prius
1326 682 1365 725 ex
1393 660 1497 724 avium
1524 680 1638 742 genere

189 762 382 843 dividerent,
414 788 483 833 eam
515 768 548 831 in
577 767 724 851 portione
756 766 886 832 sortitus
940 767 1000 833 sibi
1033 768 1185 850 delegisse
1217 767 1423 832 existimatur.
1465 788 1544 850 «puae
1571 767 1640 832 sola

143 868 243 948 nsit,
266 875 411 960 eoquod
438 874 534 939 altius
562 875 682 940 cunctis
706 872 887 938 volatilibus
940 876 1060 940 tradita
1087 880 1136 939 est
1162 874 1331 940 memoriae
1353 880 1463 939 eontra
1485 874 1559 939 solis
1583 894 1637 938 ex·
1665 882 1683 935 ὁ

180 979 293 1045 evolet
315 987 348 1046 et
370 1002 470 1067 paene
494 983 576 1047 inter
599 981 705 1046 omnia
728 981 885 1064 principa·
939 982 1069 1048 orientis
1096 982 1202 1048 radios
1225 982 1414 1048 contendere
1435 981 1547 1047 valere.
1577 981 1638 1046 ita·

176 1091 255 1151 cum
278 1094 394 1155 teneat.
940 1111 1000 1174 que
1031 1112 1128 1174 supra
1159 1089 1334 1172 Aquarium
1360 1089 1466 1155 volare
1498 1086 1637 1164 videtum

939 1198 1023 1263 hune
1041 1198 1124 1263 enim
1143 1198 1320 1281 complures
1339 1197 1552 1280 Ganymedem
1572 1216 1638 1260 esse

939 1304 1105 1370 finxerunt„

219 1729 460 1797 Eratosthenes
483 1740 587 1797 eutem
613 1731 715 1795 lovem
740 1732 772 1794 in
795 1731 884 1813 aqui·
985 1732 1213 1816 Aglaoslhenes
1230 1740 1336 1797 nutem
1355 1732 1409 1817 qui
1423 1731 1544 1796 Naxica
1561 1733 1637 1795 seri·

99 1844 238 1909 lam
274 1836 534 1922 transfiguratum
563 1837 685 1903 Nexum
718 1838 886 1921 regionem,
939 1842 1011 1923 psit,
1028 1841 1075 1904 ait
1090 1839 1195 1904 Iovem
1209 1838 1301 1903 Crete
1315 1838 1499 1921 subreptum
1513 1838 1637 1903 Naxum

64 1947 221 2015 ‚ubi
266 1947 409 2011 nutritus
440 1945 549 2022 fuerit,
580 1946 696 2028 petisse
730 1944 827 2010 refert
855 1951 886 2008 et
938 1947 1079 2012 delatum
1098 1952 1130 2012 et
1148 1947 1192 2011 ibi
1213 1968 1279 2012 esse
1299 1947 1462 2011 nutritum.
1481 1946 1535 2028 qui
1551 1952 1637 2029 poste
1649 1954 1682 2008 15

80 2073 317 2138 rognum
355 2052 576 2135 adsumpsisse.
618 2074 776 2135 egressum
812 2073 885 2116 vero
938 2076 1032 2139 quam
1063 2056 1242 2138 pervenerit
1271 2054 1313 2118 ad
1344 2053 1466 2117 virilem
1500 2059 1637 2119 aetatem

69 2166 171 2231 de
257 2159 350 2224 Naxo
382 2160 467 2244 apud
499 2160 629 2224 Titanas
666 2181 820 2243 pugnasse
853 2165 886 2224 et
938 2168 971 2225 et
1010 2162 1145 2226 voluerit
1185 2159 1269 2227 bello
1309 2160 1462 2226 lacessere
1498 2159 1637 2237 Titanas,

66 2272 254 2337 ideo
281 2267 421 2349 aquilam
444 2268 527 2332 inter
549 2273 636 2331 astra
659 2267 844 2334 conlocasse.
939 2268 1127 2333 sacrificanti
1147 2268 1175 2331 ei
1194 2268 1333 2351 aquilem
1347 2269 1556 2351 auspicatam
1574 2289 1636 2352 quo

938 2376 1079 2460 auspicio
1101 2397 1191 2440 usum
1214 2398 1280 2441 esse
1303 2380 1335 2440 ct
1358 2396 1428 2441 eam
1447 2377 1528 2439 inter
1550 2382 1638 2439 astra

937 2484 1122 2549 conlocasse.
1646 2490 1682 2544 20

1255 3018 1304 3083 Ill,
1325 3020 1366 3073 15.

170 3124 339 3189 Habet
360 3124 468 3190 stellas
486 3124 558 3162 *²²*
982 3126 1185 3192 ...habens
1213 3125 1246 3188 in
1273 3127 1377 3210 eapite
1406 3124 1529 3190 stellam
1551 3123 1582 3201 Ι,
1604 3124 1637 3188 in

938 3238 1072 3316 utraque
1095 3255 1199 3317 penna
1221 3232 1246 3309 Ι,
1269 3235 1302 3298 in
1325 3234 1426 3298 csruda
1448 3232 1472 3296 Ι.

939 3430 1018 3484 XXX
1036 3431 1227 3484 Tasrrnornn:
1248 3428 1323 3482 Sero.
1343 3428 1412 3480 Aer.
1434 3427 1453 3479 Ι
1467 3430 1530 3479 394.
1550 3424 1599 3477 IX
1616 3430 1678 3479 564.

972 3536 985 3574 a
1013 3519 1089 3587 prins
1120 3519 1232 3587 scripsi:
1264 3517 1367 3586 primns
1402 3516 1430 3568 V.
1464 3515 1580 3584 primum
1614 3513 1678 3567 DG.

937 3609 1100 3677 adelegissc
1116 3608 1215 3661 DGV:
1233 3607 1363 3661 dilexisse
1379 3605 1412 3659 n.
1449 3622 1462 3659 o
1480 3603 1572 3658 valere
1590 3603 1681 3657 PRV:

939 3698 1031 3752 volare
1052 3698 1087 3751 Ι).
1154 3714 1185 3752 rs.
1198 3715 1222 3751 ro
1240 3703 1385 3767 postquam
1406 3694 1615 3764 pervenerit-
1636 3710 1679 3746 vo-

938 3787 1022 3842 luerit
1059 3787 1157 3841 DGV:
1193 3804 1253 3840 oum
1291 3784 1416 3855 pervenit
1452 3814 1486 3822 -
1525 3782 1609 3836 voluit
1646 3781 1679 3835 R.

939 3894 964 3931 rs
983 3876 1149 3931 sacrificanti
1168 3876 1268 3929 DGV:
1286 3875 1321 3928 ad
1340 3872 1549 3927 sacrificandum
1573 3871 1603 3924 R.
