3894 5708
21 587 24 593 .
95 547 161 599 VII.

48 636 200 705 Σκορπλος.

205 373 247 436 72
373 372 512 426 Ειητοιιιι.
735 374 835 428 Senon.
856 375 945 427 Assar.
965 390 988 426 v.
1000 374 1060 427 636.
1080 389 1106 440 p.
1119 373 1177 436 108,
1188 372 1213 426 9.
1287 372 1388 427 Senon.
1408 369 1500 424 Gna.
1520 370 1574 423 BP.
1593 385 1619 438 p.
1639 368 1683 434 63,
1702 369 1728 423 t.

296 538 402 626 Οὗτος
436 541 489 614 διὰ
522 541 561 615 τό
589 546 681 634 μέγε-
818 544 923 634 ”Epora
956 550 991 615 δέ
1027 542 1089 615 οὐν
1122 542 1213 635 αὑτῷ
1314 548 1374 612 Hic
1391 548 1432 613 ob
1452 548 1703 630 magnitudinem

248 661 312 733 θος
340 654 386 732 εἰς
410 652 470 721 δύο
495 656 681 742 duodenam·
780 649 841 743 τὴν
857 651 1001 741 Ἄρτεμιν
1015 664 1213 742 κυνργετοῦ-
1269 657 1301 719 iu
1324 654 1387 720 duo
1416 653 1577 719 domicilia
1602 654 1703 737 pasti-

247 758 348 846 μόρια
389 763 573 848 διαιρεῖται·
626 763 682 827 καὶ
782 783 844 829 σαν
868 756 1023 847 ἀκόσμως
1051 759 1210 844 ἐβιάζετο
1268 768 1329 825 tur.
1354 762 1472 826 etenim
1489 761 1576 825 eliud
1598 767 1703 826 atten-

248 860 288 931 τὸ
330 867 391 952 μέν
429 865 606 952 ἐπέχουσιν
645 865 682 932 αἱ
780 868 852 956 ἡδὲ
866 866 1021 955 κολώνην
1036 876 1094 956 τῆς
1109 862 1214 954 νήσου
1269 870 1349 933 dunt
1367 867 1499 933 brechia
1517 868 1593 944 eius,
1615 867 1703 933 aliud

222 984 239 1037 5
247 976 357 1061 χηλαί,
388 971 537 1060 θάτερον
571 975 606 1039 δὲ
641 967 681 1039 τὸ
753 977 917 1063 ὁλπολησε
928 977 1144 1061 διαρραγῆναι
1159 976 1212 1038 καὶ
1269 996 1382 1058 corpus
1405 978 1438 1040 ot
1465 972 1574 1037 cauda
1620 973 1731 1039 hunco

249 1087 343 1165 σῶμα
375 1083 432 1146 καὶ
460 1073 500 1145 τὸ
527 1077 680 1166 κέντρον.
781 1076 991 1170 ἀναδοθῆναι
1022 1073 1084 1146 τὸν
1118 1099 1214 1164 σκορ-
1269 1081 1375 1157 ferunt
1407 1103 1446 1145 ex
1480 1087 1567 1146 terre
1598 1080 1704 1145 ortum

249 1183 373 1252 τοῦτόν
396 1204 500 1268 φασιν
525 1186 682 1274 ἐποίησεν
781 1192 872 1269 πίον,
899 1181 957 1272 ὑφ’
981 1177 1022 1253 αὖ
1047 1180 1065 1253 ὃ
1099 1179 1214 1271 Ὠρίων
1270 1187 1532 1271 submissumque,
1555 1188 1608 1271 qui
1632 1186 1704 1252 Ori·

249 1287 393 1378 Ἅρτεμις
411 1285 623 1380 ἀναδοθῆναι
645 1293 682 1358 ἐκ
781 1297 916 1382 πληγεὶς
951 1287 1118 1360 ἀπώλετο·
1159 1295 1215 1358 καὶ
1269 1316 1331 1360 ona
1353 1293 1546 1360 interficeret
1572 1292 1613 1357 ob
1637 1294 1705 1358 eius

249 1396 402 1486 κολώνης
411 1407 468 1486 τῆς
480 1400 566 1465 Χίου
577 1397 683 1486 νήσου
781 1403 1026 1488 κατηστερίσθη
1044 1402 1100 1465 καὶ
1115 1392 1216 1475 αὐτὸς
1269 1402 1505 1486 loquacitatem,
1544 1399 1629 1483 quod
1666 1421 1706 1464 ex

206 1514 240 1567 10
249 1508 306 1571 καὶ
322 1498 385 1571 τὸν
399 1499 537 1590 Ὠρίωνα
551 1511 682 1593 πλῆξαι,
738 1518 772 1571 10
781 1511 839 1574 καὶ
870 1501 889 1572 ὃ
922 1509 1092 1592 σκορπίος.
1152 1496 1215 1571 ‹ta-
1270 1506 1436 1572 venatione
1458 1505 1578 1570 nullam
1601 1526 1636 1570 se
1658 1504 1705 1570 fe-
1716 1513 1750 1567 10

250 1614 307 1677 καὶ
338 1603 447 1690 οὕτως
482 1605 683 1693 ἀποθανεῖν,
782 1638 845 1699 περ
875 1615 990 1679 δὲκαὶ
1019 1612 1056 1678 ἐν
1081 1605 1216 1697 οὐρανῷ
1269 1635 1338 1679 rem
1365 1613 1545 1695 relinquere
1575 1612 1705 1678 diceret

251 1710 364 1805 ἐπειδὴ
420 1718 456 1783 ἐν
505 1721 684 1808 κυνηγεσία
784 1710 1216 1804 ὁεδοικώςαάτόνὸλὶρλων
1270 1722 1359 1805 isque
1395 1719 1515 1785 Oriona
1550 1720 1706 1804 percussit

250 1815 406 1909 ἀκόσμως
451 1817 556 1913 αάτὴν
598 1822 683 1908 ἒβιά-
783 1820 834 1893 ἀεὶ
848 1824 976 1911 φεύγει·
991 1826 1048 1890 καὶ
1063 1816 1120 1890 ὅτε
1134 1823 1216 1890 ἐκεῖ·
1271 1835 1304 1894 et
1335 1826 1458 1893 oceidit.
1496 1824 1537 1892 ob
1569 1827 1655 1910 quod
1687 1848 1707 1890 a

251 1937 344 1996 σατο·
376 1921 416 1997 ὃν
440 1925 523 2010 Ζεὺς
551 1931 587 1999 ἐν
613 1947 685 2011 τοις
783 1956 841 2010 νας
860 1925 1044 2011 ἀνατέλλει,
1063 1923 1081 1998 ὃ
1101 1925 1217 2018 Ὠρίων
1270 1934 1344 2000 Iove
1366 1933 1471 1998 ¹astris
1503 1932 1622 1997 inlatus
1649 1937 1708 2008 est,

207 2048 240 2102 15
250 2043 412 2123 λαμπροῖς
463 2033 565 2124 ἔθηκε
613 2047 684 2104 τῶν
739 2050 773 2104 15
783 2036 889 2120 δύνει,
923 2030 979 2104 ὅτε
1013 2039 1048 2103 δὲ
1078 2030 1217 2104 δύνειὸ
1271 2047 1307 2107 ut
1334 2041 1402 2105 eius
1432 2045 1580 2104 naturam
1606 2037 1707 2102 futuri
1717 2046 1752 2100 15

251 2137 414 2230 ἀστέρων,
436 2137 479 2209 i'v’
498 2143 633 2210 εἰδῶσιν
652 2142 685 2210 αἱ
782 2147 969 2231 Σκορπλος,
1028 2137 1046 2210 ὃ
1100 2138 1217 2231 Ὠρίων
1271 2147 1414 2213 homines
1438 2145 1666 2229 inteuegerent

252 2246 477 2335 ἐπιγινόμεναι
503 2243 684 2338 ἄνθρωποι
783 2245 964 2317 ἀνατέλλει.

251 2349 313 2444 τὴν
332 2354 427 2441 ἰσχύν
445 2381 481 2423 τε
501 2349 606 2424 αὐτοῦ
629 2358 685 2422 καὶ

251 2453 313 2549 τὴν
338 2458 488 2548 δύναμιν.

291 2863 374 2955 Ἔχει
403 2870 439 2934 ἀὲ
467 2864 608 2958 ἀστέρας
632 2866 685 2954 ἐφ’

254 2971 411 3060 ἑκατέρας
436 2980 535 3064 χρλῆς
562 2974 607 3059 β’,
635 2968 685 3043 ὦν

207 3093 242 3146 25
253 3081 337 3148 εἰσὶν
379 3080 410 3148 oi
453 3083 515 3167 μὲν
555 3091 685 3169 πρῶτοι

251 3185 397 3274 μεγάλοι,
421 3187 454 3256 οἱ
477 3190 513 3255 δὲ
537 3189 686 3277 δεύτεροι

226 3383 279 3438 vn
289 3383 474 3438 Tusumosm.
494 3384 592 3438 Aviea.
607 3387 667 3441 248.

209 3479 271 3541 post
285 3471 387 3541 spiram
403 3472 518 3527 brachis
532 3475 667 3543 quondam
678 3476 686 3545 [t

208 3559 357 3615 formidata
406 3559 478 3614 truci
528 3564 686 3631 suspexeris

209 3648 312 3704 Orioni.
331 3650 339 3720 ξ]
358 3650 409 3704 251
429 3649 483 3704 huc
501 3649 605 3706 falcata
625 3652 687 3707 chii

209 3743 354 3808 repserunt
368 3753 470 3792 cornua
483 3739 605 3795 monstri.
625 3740 686 3794 La-

209 3827 276 3880 caat
297 3841 389 3880 comm.
413 3826 498 3881 Bora.
521 3829 603 3884 VIIII
625 3831 685 3886 836.

244 3930 328 3969 ι-ιι
368 3916 565 3984 exprimuntur
602 3917 688 3972 Arati

209 4021 233 4058 v.
244 4003 295 4057 637
302 4002 392 4058 -644,
427 4003 461 4070 es.
472 4003 596 4059 Nicaad.
609 4005 686 4061 Iter.

210 4110 233 4145 v.
254 4092 365 4146 13—20.
450 4108 464 4146 s
484 4087 517 4145 ἐκ
535 4092 647 4160 scripsi:
665 4099 713 4162 τῆς
733 4095 807 4158 tetri,
832 4091 866 4149 ἐκ
884 4099 933 4163 τῆς
952 4095 1058 4150 Sohar-

209 4180 330 4233 bachius.
373 4180 407 4246 cf.
426 4179 507 4234 Arat.
532 4198 556 4234 v,
575 4182 628 4237 642
652 4178 738 4251 νήσου
761 4177 947 4254 ἀναρρήξασα
969 4181 1060 4251 μέσας

209 4263 352 4338 ἑκάτερθε
375 4263 511 4333 κολώνας.
549 4285 612 4323 cam
628 4271 760 4342 Hypinas
780 4271 996 4339 Germaniaque
1015 4275 1059 4326 ιἰι-

210 4362 339 4426 terpretes
365 4358 397 4410 ia
420 4358 548 4426 exemptas
575 4359 634 4414 suis
657 4361 741 4415 aliam
764 4360 905 4428 fabariam,
935 4377 1007 4429 quae
1028 4362 1059 4414 ιἰι

209 4444 337 4514 Epitorne
364 4445 414 4500 sab
440 4444 541 4502 Orione
563 4454 714 4517 narratur,
743 4450 801 4502 iam
823 4450 873 4502 hoc
897 4448 955 4502 loco
973 4465 1059 4518 prae·

210 4539 316 4602 ceptam
324 4535 486 4604 tetendiet,
501 4537 593 4591 assero
603 4555 642 4590 aa
651 4543 711 4591 tota
720 4538 866 4592 historiola
875 4538 945 4592 eatis
957 4539 1061 4592 recenti

210 4628 300 4677 aetate
327 4638 361 4676 ea
387 4624 488 4679 satiatio
511 4608 617 4679 Aratea
642 4627 812 4694 interpolata
834 4627 884 4694 sr't,·
910 4626 935 4680 si
959 4626 1058 4694 micus,

210 4728 244 4766 ea
261 4713 299 4766 eis
318 4717 388 4766 certe
401 4719 446 4777 est,
467 4731 539 4780 qaae
554 4715 588 4767 ab
604 4715 795 4769 Eratosthenis
811 4714 952 4784 Catalepta
966 4715 1059 4769 atiena

211 4799 469 4855 Gatasterisraoram
489 4808 588 4856 auctor
608 4803 726 4856 addidit.
757 4803 792 4869 ct.
808 4803 958 4871 Proleyom.
971 4820 999 4871 p.
1016 4808 1058 4855 33.

210 4906 236 4944 ss
250 4883 344 4957 ίσχύνι
357 4886 443 4957 φύσιν
453 4892 540 4944 voluit
554 4891 780 4945 Weetcrmaaaas
795 4891 864 4945 caat.
875 4890 956 4944 schol.
969 4891 1058 4945 Germ.

209 4977 271 5034 BP.
286 4985 404 5035 ceterum
423 4980 482 5032 alia
501 4996 535 5033 ac
553 4981 585 5033 ni
601 4979 688 5046 [attor
705 4982 824 5035 rectiora
839 4978 1048 5050 septemanas

1443 2785 1470 2836 p.
1489 2718 1577 2832 64³6.

1314 2874 1461 2958 Scorpios
1479 2873 1577 2939 habet
1596 2869 1706 2938 stellas

1270 2981 1300 3046 X
1328 2987 1363 3047 et
1383 2980 1490 3045 VIIII:
1518 2980 1552 3043 in
1580 2977 1705 3062 singulo

1270 3108 1367 3153 cornu
1384 3085 1484 3162 binas,
1502 3084 1620 3169 primas
1637 3106 1707 3150 ma·
1717 3093 1750 3148 25

1270 3195 1353 3259 iores
1367 3198 1400 3258 et
1414 3194 1524 3269 claras,
1538 3193 1707 3275 insequen-

1305 3386 1413 3444 seliud
1432 3391 1458 3457 β.
1478 3385 1527 3441 alii
1547 3384 1619 3440 tart.
1658 3402 1671 3442 s
1687 3391 1751 3454 post

1271 3477 1371 3532 cauda:
1401 3474 1603 3543 intelleguntur
1625 3474 1661 3528 ad
1686 3490 1749 3528 acu·

1271 3567 1344 3620 leum
1367 3565 1427 3617 BP.
1446 3565 1580 3633 qtosseraa
1602 3578 1660 3617 esse
1682 3562 1751 3617 otto

1271 3653 1463 3723 Ktesstr'aqr'as.
1499 3650 1566 3707 sob
1580 3650 1640 3706 cius
1655 3651 1750 3720 loqua-

1272 3742 1385 3797 citatem
1399 3741 1427 3796 S.
1446 3741 1482 3795 ab
1502 3739 1561 3796 eius
1580 3739 1751 3810 loquacitate

1271 3832 1305 3885 B.
1335 3837 1364 3886 ct
1395 3830 1430 3884 ab
1463 3828 1489 3884 ei
1520 3828 1691 3898 loquacitate
1718 3826 1748 3883 P.

1271 3936 1297 3974 ιι
1316 3919 1407 3989 isque:
1425 3918 1521 3972 malim
1539 3917 1642 3988 itaque.

1307 4023 1333 4063 as
1352 4006 1492 4072 steteras,
1511 4006 1690 4076 insequentes
1702 4005 1747 4061 ob·

1272 4093 1748 4164 scuresscripsi:insequentesclara

1273 4191 1301 4237 et
1326 4200 1374 4238 nos
1398 4200 1479 4238 unam
1506 4182 1577 4237 tort.
1607 4183 1746 4237 obscuram

1269 4273 1429 4340 praeiverat
1447 4271 1642 4340 Ktesslr'apias.
