3894 5708
271 373 372 429 Senon.
392 368 487 425 Gaas.
507 370 539 424 G.
558 386 584 438 p.
606 369 665 431 180,
686 366 726 423 15.
1170 364 1301 420 lirantes
1320 366 1355 427 Π,
1374 366 1416 421 40.
1603 365 1664 431 189

214 552 276 631 Qui
296 572 407 617 cervus
426 550 496 616 ideo
515 549 684 614 seeundum
704 544 869 631 gentilium
968 546 1086 631 Hydra,
1095 545 1318 630 inquaCorvus
1327 547 1465 613 insidere
1474 547 1623 612 etOrater
1712 548 1791 603 XLI

172 660 380 726 deliramenta
401 659 485 723 inter
508 662 595 721 astra
618 656 726 719 sedern
744 674 870 737 prome·
924 654 1045 737 positus
1063 654 1274 727 existimatum
1293 655 1332 718 de
1351 676 1413 739 qua
1430 655 1513 720 hauc
1525 654 1623 720 habe·
1692 641 1804 711 Hydra.

170 769 272 833 ruisse
296 767 424 841 dicitur,
456 764 542 848 quod
574 761 672 826 fuerit
704 762 737 824 in
769 760 872 825 tutela
924 782 993 826 mus
1011 762 1164 826 memoria
1180 762 1339 845 proditam
1356 784 1490 828 causam.
1515 784 1625 828 corvus

172 874 329 960 Apollinis
357 878 389 938 et
416 872 457 936 ab
482 892 520 936 eo
542 870 657 934 missus
679 869 721 933 ad
744 867 873 943 fontem,
926 868 1081 953 Apollinis
1113 869 1214 934 tutela
1245 891 1327 935 usus.
1364 886 1401 935 eo
1429 869 1625 936 sacrificante

145 989 208 1048 out
234 981 295 1047 diis
323 980 365 1045 ad
392 979 555 1044 libandum
583 997 696 1058 aquarn
726 974 874 1049 deferret,
926 977 1040 1041 missus
1062 997 1082 1041 a
1105 975 1191 1041 fonte
1218 998 1332 1060 aquam
1355 999 1467 1060 puram
1489 979 1626 1062 petitum
1653 986 1670 1040 5

173 1088 303 1155 ficorum
333 1087 472 1170 ingluvie
504 1090 614 1168 captus
646 1082 874 1166 aliquantisper
927 1085 1008 1150 vidit
1031 1083 1161 1149 arbores
1184 1086 1358 1168 complures
1378 1083 1506 1149 ficorum
1526 1086 1625 1149 inma-

174 1197 298 1262 illarum
344 1192 450 1259 esibus
498 1192 623 1257 inhians
664 1193 874 1254 commoratus
928 1200 1029 1267 turas;
1057 1213 1109 1257 eas
1132 1199 1316 1276 exspectans
1339 1193 1413 1256 dum
1436 1200 1626 1259 maturasce-

175 1323 288 1386 aquam
311 1300 436 1367 deferre
459 1299 619 1366 distulerit
641 1303 673 1362 et
692 1303 803 1380 postes
821 1296 875 1360 de·
929 1307 1008 1376 rent,
1027 1299 1059 1363 in
1073 1299 1187 1364 arbore
1202 1300 1339 1382 quadam
1353 1321 1461 1364 carum
1476 1301 1626 1367 consedit.

175 1409 373 1494 prehendens
413 1430 447 1474 sc
489 1408 551 1472 diis
591 1426 735 1488 peccasse
772 1405 876 1469 denuo
930 1409 1037 1491 itaque
1069 1413 1141 1491 post
1176 1407 1298 1491 aliquot
1329 1409 1396 1473 dies
1433 1409 1529 1474 coctis
1561 1407 1628 1473 ficis

134 1519 216 1584 lead
234 1516 363 1594 fontem,
386 1521 422 1580 ut
439 1534 554 1599 aquam
572 1513 724 1588 hauriret,
747 1511 878 1577 redierit
930 1520 963 1579 et
981 1537 1001 1579 a
1023 1535 1115 1579 cervo
1134 1514 1347 1596 compluribus
1366 1536 1474 1579 earum
1487 1514 1628 1591 comesis,
1638 1523 1673 1577 10

176 1632 209 1690 et
244 1623 285 1688 ab
322 1622 425 1707 hydra
456 1619 628 1687 exterritus
659 1640 714 1683 vas
745 1639 878 1683 vacuum
930 1620 1012 1659 ***
1036 1627 1220 1705 exspectans
1247 1621 1361 1705 Apollo
1393 1644 1521 1688 corvum
1547 1623 1629 1686 vidit

177 1730 389 1816 reportaverit
416 1735 448 1794 et
474 1734 512 1793 nt
538 1746 652 1810 aquam
676 1747 713 1791 eo
736 1731 878 1808 tempore
931 1751 1002 1793 cum
1024 1735 1146 1794 cratere
1173 1729 1267 1812 pleno
1292 1729 1396 1795 volare
1418 1730 1628 1795 festinantem.

179 1861 241 1903 non
264 1836 368 1914 bibat,
391 1836 432 1901 ab
455 1837 566 1901 eodem
589 1833 735 1918 Apolline
759 1832 877 1896 inhibi-
931 1858 989 1920 pro
1022 1858 1084 1920 (luo
1116 1836 1253 1902 admisso
1285 1837 1352 1903 eius
1384 1838 1513 1915 dieitur,
1544 1837 1630 1920 quod

179 1953 246 2011 tum
269 1946 297 2010 ei
320 1944 418 2009 fuerit
440 1941 520 2007 ***.
933 1945 987 2011 diu
1005 1953 1145 2010 meratus
1163 1945 1206 2010 sit
1224 1945 1412 2028 Apollinem,
1431 1946 1488 2028 qui
1505 1949 1632 2011 coactam

932 2074 1023 2118 mora
1050 2052 1136 2116 corui
1162 2052 1233 2117 alia
1260 2074 1349 2134 aqua
1376 2057 1421 2118 est
1447 2074 1538 2132 usas,
1571 2053 1632 2117 hac
1641 2061 1675 2114 15

933 2160 1106 2244 ignominia
1133 2181 1203 2224 cum
1228 2159 1394 2238 adfecisse,
1421 2167 1457 2225 ut
1480 2161 1632 2243 quamdiu

933 2268 984 2331 tici
1020 2272 1243 2350 coquerentur,
1279 2289 1389 2333 corvus
1422 2268 1533 2334 bibere
1569 2289 1632 2331 nen

933 2376 1046 2458 possit,
1073 2375 1143 2439 ideo
1172 2374 1258 2456 qreed
1284 2379 1396 2457 quitur
1422 2374 1534 2441 lrabeat
1557 2396 1632 2456 pcr-

934 2486 1040 2546 tesum
1060 2482 1128 2546 illis
1156 2482 1272 2547 dicbus.
1307 2482 1415 2566 itaque
1443 2506 1512 2548 cum
1540 2482 1634 2547 vellet

935 2589 1112 2673 significare
1130 2588 1216 2654 sitim
1230 2591 1325 2667 corvi,
1344 2592 1427 2655 inter
1440 2591 1545 2655 sidera
1559 2611 1633 2655 cou-
1642 2598 1679 2652 20

936 2696 1041 2761 stituit
1077 2702 1201 2762 cratera
1232 2701 1265 2762 et
1296 2699 1460 2781 supposuit
1492 2698 1634 2782 hydrum,

936 2824 1018 2887 quae
1046 2826 1172 2869 corvum
1195 2805 1353 2871 sitientem
1377 2810 1561 2869 moraretur.
1590 2805 1635 2870 vi-

938 2913 1031 2978 detur
1054 2912 1137 2977 enim
1160 2919 1263 2978 rostro
1286 2913 1419 2978 caudam
1442 2911 1509 2977 eius
1532 2916 1635 2977 extre-

937 3041 1021 3085 mam
1047 3019 1227 3098 verberare,
1258 3026 1296 3086 ut
1325 3022 1455 3086 taudem
1486 3020 1571 3085 sinat
1602 3041 1636 3085 se

938 3129 979 3192 ad
1002 3133 1126 3193 cratera
1148 3127 1290 3192 transire.
1646 3135 1682 3190 25

181 3694 206 3732 ¹¹
231 3676 266 3731 ab
295 3676 382 3746 hydra
410 3674 636 3729 0¹i⁰ffli1¹¹l³⁸
665 3689 793 3728 l²⁰1¹1¹¹1¹²
821 3672 888 3726 MCC
976 3680 1140 3739 ememoria
1157 3678 1263 3737 DMR:
1281 3681 1429 3738 memoriae
1445 3683 1504 3737 alii.
1541 3680 1684 3739 salente

140 3766 275 3835 ”³⁰de
297 3766 355 3834 i12⁹⁶
377 3764 430 3819 ‘ilbi'
446 3764 542 3831 fimi,
567 3779 630 3816 ‘lum
650 3763 788 3831 Epii⁰m⁰³
806 3762 888 3815 verba
943 3772 1041 3826 MPR:
1061 3774 1096 3827 ad
1115 3772 1218 3827 iontem
1237 3771 1296 3827 DG
1315 3771 1373 3827 alii.
1432 3779 1684 3828 ematurascereut

141 3872 205 3910 Μ
223 3855 394 3924 inmittere&
942 3864 977 3919 R.
997 3869 1214 3917 maturescerent
1225 3861 1291 3917 De.
1330 3862 1490 3918 illactenus
1507 3865 1618 3934 apicum
1632 3878 1684 3931 po·

942 3955 1002 4021 sai;
1025 3952 1127 4007 eccidit
1149 3951 1255 4021 hydrae
1273 3953 1388 4022 mentio,
1412 3968 1484 4021 qaae
1507 3952 1587 4006 ealle
1604 3951 1685 4006 medo

944 4043 1033 4097 decise
1047 4048 1146 4111 potest.
1169 4047 1287 4096 ceteram
1304 4043 1396 4097 macie
1415 4060 1454 4096 aa
1473 4042 1554 4097 rerba
1571 4057 1685 4110 sequen-

944 4133 985 4186 tia
1009 4138 1173 4201 exspectaus
1192 4163 1226 4172 —
1249 4131 1428 4187 festinantem
1456 4132 1496 4186 cd
1522 4130 1688 4201 explendam

945 4222 1078 4276 lacunam
1088 4221 1123 4275 ab
1132 4222 1330 4290 interpolatore
1340 4221 1441 4276 addita
1451 4223 1514 4275 siet.
1566 4238 1591 4275 1⁴
1602 4219 1687 4289 Apel-

946 4311 1029 4367 linem
1039 4310 1099 4365 PR.
1115 4310 1291 4379 ApolloDG.
1311 4311 1556 4380 catchpollinem:
1575 4315 1688 4364 metum

945 4401 979 4455 R.
1008 4407 1110 4456 motum
1138 4401 1307 4455 Bassianus.
1344 4401 1392 4455 sed
1423 4399 1615 4471 dittographic
1641 4404 1688 4453 est.

946 4507 972 4548 ιο
995 4496 1061 4545 aitte
1088 4492 1140 4545 hac
1168 4489 1332 4560 ignominia:
1361 4489 1433 4545 uude
1457 4489 1496 4560 R,
1525 4488 1601 4572 qapd
1624 4486 1688 4543 inde

946 4596 1002 4635 esse
1029 4580 1185 4635 arbitratur
1211 4580 1389 4647 Brutianae·
1419 4580 1468 4634 scd
1498 4584 1569 4633 recte
1600 4580 1691 4631 meast

951 4668 1180 4724 llsilamoroitzias
1212 4670 1303 4725 undae
1337 4685 1405 4738 csse,
1443 4668 1519 4737 qaod
1550 4667 1589 4721 ad
1617 4683 1691 4736 equs

946 4761 1038 4815 assere
1057 4760 1119 4826 qais
1136 4760 1168 4813 ia
1185 4760 1312 4829 margine
1329 4759 1485 4828 adscripsit.
1527 4756 1612 4826 igitur
1627 4761 1691 4826 post

947 4849 1000 4905 hac
1020 4848 1056 4904 D.
1155 4866 1181 4905 24
1200 4849 1311 4905 mudum
1329 4849 1443 4917 scripsi:
1461 4855 1601 4916 tamquam
1620 4845 1690 4900 teri.

949 4956 975 4994 se
993 4948 1102 4994 cratera
1119 4940 1233 5007 scripsi:
1251 4946 1387 4993 crateram
1407 4939 1479 4992 libri.
