3894 5708
202 365 264 430 196
420 363 559 418 Emona.

285 536 318 608 ‘0
342 542 377 607 δὲ
400 543 559 631 τέταρτος
586 540 783 629 Φωσφόρος,

245 642 450 738 Ἀφροδίτης,
478 644 597 730 λευκὸς
625 660 673 738 τῷ
697 648 781 738 χριό-

243 781 329 842 ματι.
372 754 512 824 πάντων
555 759 589 824 ot
630 756 782 843 μέγιστός

244 863 313 931 ἐστι
353 862 486 932 τούτων
526 874 597 932 τῶν
638 861 780 952 ἄστρων.

199 980 216 1033 5
244 962 285 1036 όν
317 975 372 1037 καὶ
398 964 560 1059 Ἕσπερον
595 976 651 1039 καὶ.
687 979 780 1040 Φαισ-

244 1075 354 1164 φόρον
377 1085 546 1146 καλοῦσιν.

201 2052 232 2105 15
287 2043 443 2129 Πέμπτος
471 2044 507 2109 δὲ
525 2036 654 2129 Ἑρμοῦ,
682 2046 779 2108 Στίλ-

241 2155 323 2230 βων,
364 2143 514 2235 λαμπρός
552 2153 608 2215 καὶ
648 2146 778 2235 μικρός·

243 2263 292 2341 τῷ
325 2257 360 2320 δὲ
389 2250 486 2342 Ἑρμῇ
519 2253 624 2343 tuter]
658 2249 712 2321 όιὰ
739 2249 779 2321 τὸ

242 2371 381 2448 πρῶτον
416 2357 521 2429 αὐτόν
553 2356 615 2429 τόν
648 2360 779 2429 διάκοσ-

243 2494 308 2555 μον
332 2462 441 2557 ὁρίσαι.
468 2479 530 2535 τοῦ
554 2463 702 2556 οὐρανοῦ
725 2473 780 2535 καὶ

199 2585 313 2642 sorar
341 2571 475 2664 iiorprov
503 2570 562 2655 τὰς
590 2573 697 2657 τάξεις
725 2578 781 2641 καὶ

242 2677 301 2763 τὰς
329 2677 419 2771 ὥρας
440 2693 599 2772 μετρῆσαι
626 2686 683 2749 καὶ
711 2683 780 2749 ἕτα-

243 2794 401 2878 σημασίας
410 2799 538 2877 καιρών
550 2792 666 2872 δεῖξαι·
682 2793 779 2856 Στίλ-

241 2903 313 2978 aar
337 2900 372 2964 ot
396 2905 545 2964 καλεῖται
565 2890 676 2963 διὰτὸ
696 2921 779 2980 φαν-

241 3008 360 3071 τασίαν
387 3001 546 3092 τοιαύτην
574 2997 679 3070 αὐτόν
705 3027 779 3070 ποι-

197 3122 232 3177 25
242 3127 300 3179 etv.

232 3305 399 3386 σἝοτιρον
423 3315 659 3369 Witaraowitrias:
694 3307 779 3367 Ἑωσ-

198 3401 290 3476 φόρον
309 3407 381 3459 lr'hri.
418 3424 451 3461 rr.
467 3424 492 3461 aa
512 3402 700 3471 ἐπισημασίας
719 3422 778 3456 κιιι·

197 3500 255 3566 ριῦν
297 3495 536 3549 Witamowitrius:
584 3489 780 3561 ἐπισημασιῶν

197 3579 313 3654 καιροὺς
331 3584 403 3637 tior-t.

862 364 961 418 Senon.
982 366 1070 419 haar.

900 544 1036 597 omttuut.

1218 366 1319 420 Scaea.
1338 365 1431 421 Gsarr.
1450 365 1502 421 BP.
1522 383 1548 435 p.
1569 366 1628 432 103,
1647 368 1674 422 8.

1199 545 1351 624 Quartum
1409 545 1497 611 sidus
1551 545 1694 621 Veneris,

1154 653 1355 737 Phosphoros
1431 654 1535 718 colors
1609 652 1694 729 albo,

1153 762 1254 825 maior
1321 760 1464 826 omnibus
1527 760 1694 826 sideribus.

1154 889 1247 951 quem
1292 868 1466 952 Hesperum
1512 874 1545 931 et
1589 866 1692 932 Phos-

1153 973 1286 1058 phorum
1345 996 1412 1040 esso
1466 974 1583 1040 dicunt.
1644 979 1742 1039 cst5

1153 1088 1259 1147 autem
1289 1104 1346 1165 pcs
1383 1088 1415 1147 et
1451 1088 1552 1166 caput
1597 1103 1693 1164 quem

1153 1189 1193 1253 oh
1223 1211 1361 1255 amoram
1389 1211 1426 1254 ex
1452 1189 1558 1254 Attico
1584 1190 1694 1273 rapuit

1153 1301 1185 1360 et
1212 1319 1282 1362 cum
1311 1319 1347 1362 eo
1375 1295 1552 1362 concubuit
1566 1294 1629 1333 ***
1654 1318 1693 1360 ex

1152 1402 1213 1469 hoc
1234 1404 1409 1469 honoratus
1432 1404 1519 1468 arelo
1538 1426 1576 1468 cx
1593 1403 1692 1467 utris·

1152 1533 1213 1593 quo
1237 1514 1304 1577 eius
1328 1511 1473 1596 partibus
1492 1510 1693 1594 Phosphoros
1706 1519 1743 1571 10

1153 1623 1185 1683 ct
1207 1617 1365 1704 Hesperus
1388 1625 1524 1684 vocatur.

1197 2048 1347 2127 Quintum
1401 2048 1488 2112 sidus
1541 2046 1695 2112 Mercurii
1706 2055 1743 2108 15

1151 2162 1281 2220 vocatur
1322 2153 1459 2232 Stilbon,
1500 2176 1591 2239 quom
1632 2177 1694 2238 pu-

1152 2262 1256 2345 sillum
1292 2263 1346 2328 sed
1383 2263 1503 2327 clarum
1534 2262 1694 2327 Mercurio

1152 2369 1352 2446 adtribuunt,
1388 2371 1472 2453 quod
1508 2369 1535 2435 is
1570 2370 1696 2452 primus

1153 2478 1317 2542 constituit
1340 2476 1449 2542 orbem
1467 2476 1544 2541 each
1564 2482 1596 2541 ct
1615 2477 1695 2541 stol-

1152 2583 1252 2648 larum
1294 2591 1326 2649 et
1366 2585 1524 2649 horarum.
1585 2582 1743 2649 Stilboao

1153 2699 1281 2755 verritur
1303 2691 1363 2756 hac
1386 2714 1424 2756 ox
1448 2690 1624 2756 causa***

1188 3332 1199 3368 a
1209 3315 1272 3369 albo
1281 3315 1394 3383 scripsi:
1404 3313 1463 3369 airo
1468 3313 1502 3368 B.
1508 3330 1575 3368 auro
1581 3313 1615 3367 P.
1621 3329 1712 3369 aureo
1718 3334 1740 3369 ε.

1150 3419 1190 3458 ao
1200 3410 1243 3457 est
1252 3409 1344 3458 autern
1355 3420 1403 3472 pes
1416 3410 1474 3472 (pes
1484 3403 1585 3470 aar.)
1599 3410 1628 3457 ct
1638 3411 1741 3472 caput:

1150 3493 1181 3543 iu
1203 3492 1246 3546 tris
1268 3493 1353 3547 tatere
1376 3500 1418 3547 est
1441 3499 1533 3547 autern
1557 3493 1688 3547 Aurorae
1714 3501 1742 3548 et

1151 3581 1266 3650 Cephali
1280 3580 1355 3635 filius
1365 3583 1421 3635 iam
1431 3581 1642 3636 Sciraubaehius
1656 3582 1741 3636 intet-

1150 3670 1224 3736 leait,
1242 3671 1299 3724 ursi
1316 3671 1398 3739 puori,
1418 3678 1450 3726 ut
1468 3671 1645 3739 corricptelae
1661 3674 1743 3740 oripo

196 3763 408 3831 intemperatae,
432 3762 489 3815 Eas
513 3767 540 3815 et
564 3759 679 3829 Cephali
703 3759 792 3813 elicere
816 3759 933 3812 debehat.
967 3757 1071 3825 staples
1095 3765 1187 3812 autem
1209 3760 1293 3814 huius
1315 3761 1377 3814 citii
1399 3761 1474 3830 oripo
1498 3761 1618 3829 copitari
1631 3767 1744 3828 potest:

197 3859 248 3906 aut
271 3853 344 3905 euim
366 3853 424 3904 iam
445 3851 476 3903 in
497 3867 596 3919 praeco
620 3850 741 3917 exempto
760 3865 822 3901 cura
840 3843 920 3911 Ἠοῦς
939 3849 969 3900 ia
991 3849 1077 3914 Παῖς,
1097 3849 1128 3900 iat
1146 3849 1222 3914 quart
1238 3849 1369 3914 facillime
1387 3847 1450 3914 fieri
1463 3850 1587 3917 potuisse
1606 3849 1743 3920 adparet,

197 3943 313 4008 abiisset,
336 3935 470 4008 Κεφάλου
489 3941 519 3992 iu
538 3933 648 4007 reperiri
664 3944 792 4006 prolerre
810 3942 947 3990 raututarn
965 3943 1011 4002 est,
1033 3943 1084 3990 aut
1102 3953 1164 3990 cam
1181 3939 1318 4007 interpres
1331 3939 1387 3993 Eus
1402 3945 1430 3992 ct
1445 3939 1560 4008 Cephali
1574 3940 1742 4007 scripsisset,

194 4032 286 4084 assero
310 4031 372 4098 pura
395 4028 510 4097 Cephali
533 4027 564 4079 irl
587 4027 662 4095 prou
685 4021 794 4094 repuli
820 4042 873 4078 esse
895 4031 976 4079 ratus
999 4032 1024 4079 et
1047 4033 1130 4095 caput
1152 4029 1346 4095 superscripsit
1368 4034 1392 4083 et
1415 4029 1471 4082 Eus
1489 4028 1521 4081 iu
1539 4044 1589 4096 pce
1607 4029 1742 4082 mutauit.

197 4137 258 4173 οιινι
281 4125 374 4173 aretem
396 4134 473 4172 error
491 4118 548 4169 ιῗιινι
567 4117 602 4168 ah
620 4117 679 4183 ipso
697 4117 843 4183 interprete
861 4116 1018 4168 corsmissrrs
1037 4132 1091 4168 esse
1107 4117 1206 4184 possit,
1230 4117 1354 4183 equidem
1374 4117 1480 4169 tradita
1498 4117 1580 4169 rerba
1600 4119 1745 4187 corripere

886 4220 897 4258 ι
917 4220 951 4258 ex
971 4204 1064 4263 Attice
1083 4208 1175 4274 rapuit
1196 4206 1259 4272 (scit.
1281 4205 1431 4274 Cephalum
1449 4205 1577 4272 Aurora)
1602 4205 1742 4260 Wrrauo-

195 4209 338 4262 noluerim.
367 4223 448 4275 quem
468 4206 533 4258 adst.
553 4205 768 4259 Schaulraclrias.

84 4321 91 4335 ·
195 4298 316 4351 rritrius:
339 4314 372 4350 cx
397 4295 476 4364 apice
500 4295 593 4364 rapuit
616 4293 675 4348 BP.
713 4294 832 4346 Ιιιοιιααι
854 4293 963 4360 sipuum
983 4295 1081 4361 φοιιιι,Ι
1103 4311 1169 4346 uara
1193 4310 1254 4347 cam
1277 4296 1308 4347 iu
1327 4295 1557 4363 praecedentibus
1576 4294 1609 4347 de
1635 4295 1745 4349 Vertere

195 4387 265 4438 uitrit
292 4386 404 4439 onruiao
432 4385 536 4437 (liet-risa
563 4385 611 4451 sit,
644 4382 762 4450 Hesperi
789 4386 881 4434 autem
908 4382 960 4434 soli
983 4389 1115 4448 parentes
1142 4384 1261 4437 iudicati
1286 4385 1355 4451 siut,
1384 4384 1503 4452 adparet
1530 4400 1669 4438 sarcinam
1699 4386 1745 4437 rei

196 4475 291 4528 deesse.
321 4475 389 4542 puisi
408 4473 589 4539 interciderit,
614 4488 647 4525 ec
665 4471 778 4541 prirro
798 4471 989 4540 perspicuum,
1013 4471 1146 4525 nimirum
1163 4472 1318 4542 Hesperum
1341 4490 1403 4527 cum
1425 4473 1527 4527 Venere
1546 4471 1579 4525 de
1594 4472 1742 4539 pulcritu-

196 4564 260 4618 ‹liue
279 4570 402 4631 certasse,
422 4562 498 4615 uarie
517 4579 567 4615 car
586 4562 698 4614 Verteris
713 4561 887 4629 potissimum
905 4560 956 4613 troc
973 4559 1052 4614 siclus
1069 4561 1105 4615 sit
1122 4562 1298 4632 iutetlepitur.
1345 4579 1371 4617 ιο
1390 4561 1448 4617 eius
1469 4581 1496 4616 s:
1515 4561 1556 4616 eis
1574 4561 1608 4613 B.
1630 4578 1684 4614 om.
1705 4561 1743 4615 P.

196 4669 221 4708 rs
240 4652 374 4707 Mercurii
392 4653 503 4720 scripsi:
521 4650 676 4705 Mercurius
694 4650 755 4703 BP.
792 4666 818 4705 rc
833 4655 898 4718 post
916 4649 1034 4702 Stilbon:
1055 4658 1097 4704 est
1115 4651 1175 4704 BP.
1196 4651 1288 4706 deterri.
1308 4651 1437 4721 pusillum
1458 4670 1484 4705 s:
1504 4655 1566 4720 post
1584 4648 1666 4703 illum
1676 4650 1741 4705 BP.

195 4760 221 4797 rs
239 4742 401 4796 adtribuunt
418 4745 448 4812 p:
468 4741 637 4794 adtributum
656 4739 715 4793 BP.
754 4738 857 4808 primus
877 4737 1100 4792 Satraubactrius:
1119 4739 1195 4808 prius
1213 4740 1273 4794 BP.
1325 4758 1350 4795 ro
1369 4741 1461 4796 orbem
1480 4739 1545 4792 BP:
1564 4737 1689 4793 ordinem
1711 4743 1740 4810 β.

195 4849 218 4885 ιι
240 4831 372 4884 triers-uara
389 4831 488 4885 statuit
505 4834 532 4899 p.
551 4849 574 4883 r.
595 4830 748 4898 Epr'tonrcn.
