3894 5708
260 1906 340 1970 Vivo
363 1905 448 1988 quod
471 1905 540 1983 feci,
567 1910 690 1970 mortuo
713 1905 799 1968 solvo
823 1911 928 1968 votum
952 1905 1018 1968 viro
1041 1904 1211 1990 praeclaro,
1234 1925 1327 1989 quem
1350 1925 1389 1969 ne
1411 1904 1535 1971 laudari
1558 1904 1685 1989 quidem

148 2031 191 2095 ab
218 2030 369 2115 improbis
396 2030 443 2096 las
471 2036 526 2096 est.
574 2031 671 2113 Atqui
698 2030 781 2113 quod
811 2036 877 2094 tum
901 2028 1106 2095 confidentius
1134 2030 1273 2112 promisi,
1300 2051 1370 2095 cum
1397 2030 1516 2114 optimo
1544 2029 1685 2115 mihique

149 2155 442 2222 benevolentissime
465 2156 532 2220 viro
556 2155 750 2220 voluntatem
773 2175 874 2219 meam
896 2154 1032 2238 probare
1055 2176 1199 2239 cuperem
1222 2160 1318 2240 atque
1344 2177 1483 2221 amorem
1511 2177 1685 2239 sperarem-

148 2304 212 2364 quo
230 2280 306 2359 lore,
328 2288 365 2346 ut
382 2283 480 2365 ipsius
499 2281 596 2345 oculis
620 2281 703 2344 hunc
725 2279 867 2345 libellum
886 2280 1134 2363 qualemcunque
1153 2279 1294 2346 subicere
1317 2280 1436 2358 liceret,
1459 2282 1491 2345 id
1515 2303 1608 2358 nunc,
1629 2280 1684 2345 ubi

147 2408 335 2473 acerrimum
362 2407 556 2490 philologum
583 2405 749 2489 philologi,
781 2406 873 2470 amici
901 2405 1034 2471 amioum
1062 2406 1278 2470 suavissimum
1305 2405 1366 2470 sibi
1394 2413 1537 2491 ereptum
1567 2407 1684 2490 lugent,

148 2553 248 2616 paene
271 2554 388 2609 vereor,
409 2554 449 2597 ne
472 2532 676 2615 adrogantius
698 2531 808 2596 iecisse
827 2529 942 2594 videar.
980 2530 1060 2596 Nam
1079 2532 1148 2595 vivo
1166 2531 1281 2596 librum
1300 2530 1413 2597 offerre
1430 2531 1565 2598 feruisse
1581 2534 1684 2596 minus

148 2659 219 2741 quis
242 2657 443 2734 dubitaverit,
465 2678 535 2723 oum
557 2657 650 2721 simul
672 2656 788 2722 iudicio
808 2656 874 2721 cius
893 2655 1061 2721 subiecerit
1078 2661 1134 2720 aut
1152 2656 1370 2741 probationem
1387 2679 1426 2722 ex
1445 2680 1482 2723 eo
1501 2664 1685 2742 exspectans

146 2791 204 2848 aut
226 2783 453 2848 correctionem
475 2789 509 2848 et
531 2783 722 2848 voluntatem
741 2786 827 2847 certe
850 2803 937 2847 suem
956 2782 1123 2866 probatum
1141 2783 1181 2846 iri
1200 2780 1347 2858 confisus3
1369 2788 1493 2848 mortuo
1511 2804 1585 2849 vero
1603 2804 1685 2866 qnae

147 2878 338 2985 dedicamus,
365 2930 403 2973 ea
428 2908 537 2992 aliqua
563 2908 674 2973 saltem
702 2929 740 2973 ex
766 2913 857 2991 parte
885 2928 922 2972 eo
946 2907 1042 2992 digna
1065 2928 1132 2972 esse
1155 2908 1252 2973 decet.
1299 2908 1343 2972 At
1363 2908 1505 2992 proiecto
1528 2908 1684 2974 Rudolli

147 3033 329 3098 Hercheri
367 3035 518 3099 memoria
545 3055 565 3098 a
594 3031 876 3117 praestantioribus
908 3033 983 3096 viris
1016 3033 1252 3116 potioribusque
1285 3033 1376 3098 donis
1408 3033 1597 3099 celebranda
1627 3039 1685 3111 est,

147 3180 248 3243 neque
271 3180 321 3223 me
344 3159 424 3224 latet
445 3158 532 3223 laudi
556 3158 622 3223 eius
646 3178 747 3241 neque
770 3157 823 3241 qui
847 3157 960 3223 offerat
982 3178 1090 3241 parem
1114 3179 1181 3223 esse
1203 3179 1304 3240 neque
1327 3158 1411 3242 quod
1434 3157 1595 3224 offeratur.
1641 3158 1685 3223 At

148 3286 229 3368 ipse,
255 3291 292 3349 ut
319 3283 437 3349 clarum
465 3305 554 3349 suum
582 3305 695 3348 nomen
723 3283 796 3347 huic
819 3280 901 3348 libro
930 3282 1146 3360 inscriberem,
1173 3283 1329 3367 permisit;
1357 3282 1439 3349 facio
1466 3284 1573 3368 igitur,
1599 3284 1683 3367 quod

147 3407 226 3475 fides
244 3415 369 3475 mortuo
388 3411 472 3485 data,
495 3407 579 3491 quod
599 3409 701 3493 pietas
720 3428 869 3490 amorque
888 3407 1009 3485 iubent,
1030 3429 1151 3492 quoque
1174 3407 1315 3491 profecto
1334 3407 1413 3472 nihil
1433 3407 1537 3475 lacere
1558 3430 1684 3493 possum

147 3534 305 3601 libentius.

257 3659 478 3724 Eratosthenis
506 3648 745 3724 Catasterismos
772 3665 809 3723 ut
836 3660 962 3725 ederem
989 3658 1200 3725 astronomiae
1228 3659 1491 3742 imperitissimus,
1518 3659 1584 3725 fere
1610 3681 1684 3725 casu

149 3784 265 3850 factum
283 3785 430 3862 dixerim3
449 3805 523 3849 nam
541 3806 610 3849 cum
631 3785 662 3849 in
682 3785 783 3849 varias
802 3783 981 3849 fabularum
999 3783 1116 3849 formas
1136 3784 1295 3867 inquirere
1310 3784 1488 3868 coepissem,
1507 3783 1585 3849 nihil
1601 3785 1684 3849 anti·

149 3910 239 3992 quius
266 3909 446 3974 habendum
469 3930 536 3975 esse
564 3909 713 3986 intellexi,
740 3930 834 3992 quam
862 3915 899 3973 ut
925 3909 1118 3993 singularum
1141 3908 1319 3975 fabularum
1342 3909 1445 3975 fontes
1467 3917 1613 3976 accurate
1635 3910 1684 3973 in·

149 4037 387 4120 castigarentur.
441 4035 552 4119 Itaque
588 4032 629 4100 ab
666 4035 849 4101 enclriridiis
886 4034 1105 4120 mythologiois
1142 4035 1302 4119 proiectus
1333 4035 1469 4118 primum
1501 4034 1683 4119 Apollodori

148 4158 384 4237 bibliothecam,
407 4181 478 4226 mox
501 4160 617 4244 Hygini
642 4160 766 4226 fabulas
789 4161 936 4236 tractavi3
964 4162 1020 4226 sed
1043 4182 1100 4244 ego
1124 4182 1249 4244 quoquo
1272 4161 1305 4224 in
1329 4158 1579 4237 difficultatibus,
1602 4181 1684 4244 quac

151 4285 181 4348 in
203 4284 284 4351 libro
308 4286 363 4351 illo
382 4285 494 4351 obviae
512 4287 575 4350 iam
594 4292 642 4351 tot
661 4286 743 4351 viros
762 4286 870 4351 doctos
889 4293 1051 4362 vexanmt,
1074 4286 1120 4350 ita
1140 4285 1237 4362 haesi,
1259 4292 1295 4349 ut
1313 4284 1391 4350 nihil
1409 4283 1519 4369 profici
1537 4285 1684 4362 riderem,

151 4411 208 4473 nisi
234 4411 305 4476 aliis
332 4408 481 4477 subsidiis
508 4410 749 4494 circumspectis.
800 4411 911 4494 ltaque
939 4410 1074 4476 alterum
1102 4410 1218 4494 Hygini
1247 4432 1334 4494 opus,
1366 4410 1577 4493 Astrologiam
1605 4411 1684 4487 dico,

150 4541 362 4616 perscrutatus
381 4558 458 4612 sum,
480 4542 516 4600 ut
538 4537 689 4601 discerem
713 4542 746 4601 et
768 4556 847 4619 quos
869 4536 967 4602 libros
990 4537 1123 4620 scriptor
1147 4536 1200 4600 ille
1222 4537 1351 4619 legisset
1374 4541 1406 4601 ot
1428 4536 1551 4619 qualem
1574 4537 1606 4600 in
1629 4557 1683 4600 ex·

149 4659 321 4727 scribendis
349 4662 394 4726 eis
422 4683 455 4727 so
481 4668 666 4745 praestaret.
713 4661 781 4739 Qua
804 4661 855 4725 via
882 4684 951 4726 cum
979 4661 1144 4739 nonnulla,
1175 4682 1256 4744 quae
1284 4662 1461 4746 cognitione
1489 4661 1586 4745 digna
1612 4661 1685 4739 sint,

138 4785 243 4851 *etiam
264 4787 304 4851 de
322 4786 541 4852 Eratosthenis
560 4786 792 4852 Catasterismis
816 4787 969 4852 iuvenisse
991 4787 1069 4851 mihi
1093 4788 1209 4864 videar,
1231 4808 1270 4852 ea
1292 4808 1373 4852 nunc
1396 4787 1599 4871 proponenda
1617 4808 1684 4852 esse

149 4932 271 4989 censeo;
295 4913 357 4977 iam
377 4912 463 4976 vides
482 4933 544 4996 quo
568 4913 660 4978 modo
683 4912 800 4977 luctum
824 4912 874 4988 sit,
897 4918 934 4976 ut
957 4912 988 4976 in
1007 4913 1067 4977 hoc
1085 4912 1167 4977 libro
1185 4934 1249 4977 non
1267 4913 1369 4978 minus
1387 4914 1427 4978 de
1446 4912 1571 4997 Hygino
1590 4934 1684 4997 quam
