3900 5706
351 385 452 441 Senon.
471 383 565 439 Genu.
585 383 617 447 G.
636 400 663 453 p.
685 384 744 448 122,
764 386 810 439 16.-

294 562 458 646 Scorpium
490 583 565 627 saue
600 562 672 627 ideo
704 583 724 626 a
755 561 829 626 Iove
865 563 948 627 inter

249 674 336 736 astra
358 669 552 734 conlocatum
577 668 692 745 ferunt,
715 690 752 733 eo
774 669 858 753 quod
877 669 947 735 Ori-

249 797 350 853 onem,
368 776 422 861 qui
441 781 474 840 et
492 774 600 858 iugula
614 775 739 852 dicitur,
757 774 947 841 adminiculo

249 882 371 948 Dianae
389 902 488 966 paene
502 902 609 947 omnes
625 881 742 946 bestias
757 880 947 948 interficien-

222 995 314 1053 5tem
352 990 545 1072 percusserit
580 994 614 1054 et
649 990 801 1054 occiderit
837 989 947 1066 silvam

249 1097 333 1180 quod
351 1095 450 1160 Terra
471 1095 532 1160 hae
550 1117 584 1160 re
603 1101 765 1178 comperta
782 1096 898 1160 mirata
916 1104 948 1160 et

249 1203 368 1267 laetata
385 1203 439 1279 sit,
461 1223 482 1267 a
504 1223 537 1267 se
555 1203 703 1268 videlicet
722 1209 863 1267 exortum
882 1224 947 1268 ser-

247 1315 375 1393 pentem
397 1309 652 1392 interemptorem
680 1306 808 1374 suarum
830 1310 947 1375 intero-

249 1415 343 1481 misse
365 1413 548 1480 bestiarum.

491 2798 517 2849 p.
538 2781 598 2845 ras,
618 2780 659 2834 14.

292 2887 399 2953 Habet
412 2893 517 2952 autem
533 2887 639 2953 stellas
657 2887 691 2951 in
709 2893 844 2971 utroque
862 2888 947 2954 labio

249 2991 341 3069 duas,
377 3014 511 3076 quarum
547 2994 669 3077 priores
701 3000 775 3060 sunt
806 3017 947 3079 magnae,

204 3105 413 3183 assequentes
440 3101 591 3177 minores,
622 3100 656 3165 in
686 3100 791 3166 fronte
818 3107 897 3180 tres,
929 3125 946 3168 e

248 3205 363 3289 quibus
382 3207 485 3271 media
503 3207 698 3291 splendidior
716 3215 773 3286 est,
796 3209 828 3271 in
852 3209 946 3276 dorso

241 3398 300 3454 Suo
318 3416 392 3454 more
408 3402 545 3469 interpres
563 3401 622 3455 aliu
640 3401 711 3455 maie
724 3402 867 3471 intellexit,
887 3403 946 3457 alia

203 3489 388 3556 interpolavit.
443 3489 569 3558 singule
587 3493 613 3560 β.
629 3490 718 3545 incolo
739 3490 771 3545 G.
827 3491 946 3548 ssilvae

199 3581 264 3646 post
277 3576 380 3632 bestias
390 3579 507 3632 traicere
515 3579 574 3633 vot
582 3582 607 3650 β.
614 3597 624 3647 ;
637 3578 695 3634 sive
711 3580 946 3650 Wilamowitrins,

204 3667 254 3734 qui
275 3665 478 3721 distinctiones
496 3672 562 3735 port
584 3666 718 3723 occiderit
736 3685 854 3737 ponae,
881 3676 947 3724 ante

204 3755 275 3822 quod
295 3755 386 3809 toliere
404 3755 470 3809 vult.
525 3754 657 3811 smireta
674 3759 701 3827 β.
720 3757 847 3810 miratum
868 3757 901 3811 (ι’.

239 3859 264 3899 rs
279 3842 365 3897 labio:
380 3844 552 3899 scholicetem
563 3846 635 3913 χηλῇ
646 3850 672 3898 et
683 3846 770 3914 χείλει
787 3845 947 3912 confudisse

203 3933 310 3985 monuit
328 3931 512 4002 Kr'eseiinpins
530 3931 565 3997 cs.
584 3931 664 3997 infra
679 3950 707 4000 p.
728 3938 773 3988 95.

1249 382 1380 436 Hrcmus
1399 382 1434 445 ΙΙ,
1452 382 1495 436 26.
1702 381 1744 446 73

1046 562 1107 626 llic
1128 567 1259 644 propter
1276 560 1526 644 magnitudinem
1544 557 1699 624 membro·
1753 646 1776 701 S
1796 557 1862 658 VH!

1776 662 1893 714 corpeus.

1001 689 1070 731 rum
1095 669 1126 731 in
1150 669 1212 732 duo
1236 669 1327 750 signa
1349 668 1511 742 dividitur,
1523 665 1541 702 '²‘
1555 665 1572 702 ³¹²
1587 665 1605 702 '¹‘
1619 686 1699 747 φια-

1001 795 1072 838 rum
1095 773 1232 857 effipiem
1257 775 1361 838 nostri
1382 773 1517 838 libram
1539 773 1698 837 deserunt.

1001 882 1055 945 sed
1071 881 1198 946 omnino
1216 886 1318 945 totum
1338 881 1462 964 signum
1479 878 1540 944 hac
1554 879 1594 944 de
1607 900 1701 946 causa

1002 992 1155 1052 statutum
1175 989 1382 1064 existimatur,
1405 986 1490 1069 quod
1507 986 1604 1052 Orion
1629 1000 1726 1052 cunio

1001 1099 1168 1158 venaretur
1180 1095 1700 1160 otincoexercitessimumseesse

1001 1198 1181 1276 confideret,
1201 1201 1332 1264 dixisset
1349 1201 1446 1264 etiam
1459 1199 1579 1265 Dianae
1593 1207 1626 1265 et
1640 1200 1699 1264 La-

1001 1310 1095 1371 tonae
1114 1328 1147 1371 se
1167 1308 1281 1383 omnia,
1300 1327 1381 1390 quae
1400 1327 1438 1371 ox
1456 1312 1543 1372 terra
1556 1308 1700 1372 exorian-

1001 1419 1066 1488 tur,
1098 1412 1275 1478 interlicere
1301 1412 1414 1478 valere.
1446 1432 1544 1497 quare
1570 1413 1700 1478 Terram

1000 1524 1175 1601 permotam
1194 1517 1388 1602 scorpionem
1407 1520 1537 1595 misisse,
1557 1519 1611 1603 qui
1630 1529 1745 1585 sumto

1002 1623 1201 1703 interficeret,
1215 1626 1458 1692 demonstratur.
1473 1626 1580 1692 Iovem
1593 1632 1701 1693 autem

1000 1732 1166 1816 utriusque
1182 1732 1321 1797 animum
1340 1733 1540 1810 admiratum,
1562 1735 1700 1817 scorpio-

1001 1859 1074 1903 nem
1095 1837 1179 1903 inter
1200 1843 1289 1905 astra
1310 1838 1501 1916 collocasse,
1523 1845 1560 1904 ut
1582 1841 1700 1926 species

1002 1945 1070 2011 eius
1100 1944 1280 2010 hominibus
1312 1946 1501 2011 documento
1534 1953 1629 2025 esset,
1661 1969 1700 2013 ne

1001 2051 1072 2135 quis
1100 2072 1220 2142 eorum.
1235 2051 1343 2135 aliqua
1368 2073 1404 2116 re
1431 2051 1492 2116 sibi
1520 2051 1700 2119 confideret.
1711 2064 1745 2119 15

1001 2157 1137 2222 Dianam
1154 2163 1261 2222 autem
1276 2163 1405 2241 propter
1419 2160 1560 2223 studium
1573 2160 1700 2226 Orionis

1000 2265 1118 2348 petisse
1136 2285 1157 2329 a
1174 2264 1256 2341 love,
1274 2269 1311 2328 ut
1330 2264 1413 2329 idem
1431 2265 1492 2330 sibi
1513 2264 1700 2333 beneficium

1001 2372 1094 2436 daret
1118 2370 1252 2455 petenti,
1280 2370 1365 2455 quod
1387 2370 1504 2437 Terrae
1531 2372 1615 2438 ultro
1643 2376 1700 2439 tri-

1001 2477 1132 2555 buisset3
1151 2478 1258 2562 itaque
1277 2498 1348 2542 eum
1367 2477 1414 2543 ita
1431 2479 1646 2558 constitutum,
1663 2488 1701 2547 ut

1001 2606 1071 2648 cum
1090 2582 1238 2667 Scorpius
1257 2586 1428 2663 exoriatur,
1451 2587 1575 2652 occidat
1594 2588 1699 2655 Orion.
1710 2599 1745 2652 20

1319 2780 1368 2844 ΙΙΙ,
1387 2782 1429 2836 25.

1044 2884 1106 2951 Hic
1122 2884 1221 2951 habet
1239 2885 1345 2952 stellas
1363 2886 1396 2951 in
1415 2887 1473 2965 his,
1487 2909 1569 2973 quae
1583 2890 1700 2958 Chelae

1000 2993 1162 3068 dicuntur,
1190 2993 1223 3056 in
1250 3013 1437 3079 unaquaque
1465 3016 1573 3062 earum
1600 2996 1700 3076 binas,

1001 3121 1039 3164 ex
1062 3098 1176 3184 quibus
1194 3100 1316 3183 primae
1335 3107 1410 3166 sunt
1427 3102 1585 3170 clariores.
1608 3126 1700 3188 prae-
1710 3115 1744 3169 25

999 3212 1088 3272 terea
1109 3204 1208 3271 habet
1230 3208 1265 3270 in
1286 3205 1392 3274 fronte
1410 3209 1520 3275 stellas
1537 3209 1600 3288 111,
1622 3233 1700 3294 qua·

1036 3401 1076 3468 Cf.
1096 3399 1225 3454 XXXII
1242 3399 1337 3455 Orion.

1035 3506 1048 3544 a
1067 3489 1200 3542 hennam
1217 3491 1317 3544 ualuit
1330 3491 1502 3560 Bassianus,
1522 3510 1607 3561 qrcarn
1625 3495 1667 3548 ita
1685 3495 1745 3562 sere

1000 3572 1165 3645 explendam
1187 3593 1242 3633 esse
1260 3579 1397 3634 camare
1415 3586 1518 3636 censet.-
1540 3597 1654 3651 quorum
1674 3584 1743 3639 slte-

1001 3683 1060 3720 rum
1075 3682 1174 3734 corpus
1189 3672 1218 3720 et
1227 3667 1340 3722 seuleus
1354 3668 1487 3736 obtinent
1502 3670 1621 3726 alterum
1637 3673 1742 3728 chelae.

1000 3772 1020 3809 a.
1040 3773 1052 3811 a
1072 3771 1187 3823 querum
1206 3755 1288 3824 Mur,
1307 3757 1389 3826 crtlpo
1408 3773 1532 3827 quorum.
1602 3759 1743 3816 edixisset

1001 3843 1188 3897 lllnnelerns:
1206 3843 1309 3900 dixisse
1328 3846 1399 3901 tetri.
1436 3864 1461 3903 11
1482 3846 1651 3902 interficeret
1670 3848 1747 3903 R¹M

1001 3931 1156 3987 interlicere
1180 3935 1268 3987 ceteri.
1346 3951 1371 3990 rr
1394 3934 1448 3989 sibi
1470 3936 1582 4004 scripsi,
1607 3936 1649 3990 illi
1673 3937 1742 3992 lrtri.

1000 4038 1027 4078 19
1044 4020 1139 4089 itaque
1162 4051 1196 4059 —
1221 4037 1248 4077 so
1265 4021 1357 4077 Orion.
1381 4039 1415 4076 cs
1433 4023 1520 4079 Arati
1537 4041 1560 4077 v.
1582 4028 1643 4079 645.
1665 4030 1683 4077 6
1707 4026 1742 4093 cs.

1000 4109 1080 4164 schot.
1100 4109 1181 4164 Aret
1255 4127 1281 4167 ro
1299 4110 1339 4165 its
1357 4128 1407 4165 orn.
1428 4111 1523 4167 RMP.
