3894 5708
392 362 491 416 Senon.
510 362 602 416 Genu.
623 361 655 415 G.
1195 360 1325 413 {luemus
1343 359 1392 419 ΠΙ,
1411 360 1436 413 6.
1626 357 1689 422 143
1791 327 1794 331 ¹

241 540 283 603 In
318 539 349 603 G
381 541 548 617 annititur,
579 541 634 605 sed
665 562 702 604 ex
734 539 895 621 archetypi
994 540 1100 604 Habet
1122 546 1228 603 eutem
1251 539 1284 603 in
1307 540 1383 622 ipsis
1407 537 1574 603 testudinis
1596 537 1644 600 luss

198 648 430 712 enumeratione
455 648 531 712 haee
552 646 696 727 frustula
724 648 758 710 ie
781 646 806 711 S
831 667 895 711 ser-
948 647 1068 711 teribus
1091 647 1229 730 singulus
1252 646 1368 723 stellas,
1391 645 1425 709 in
1447 645 1576 709 summis
1594 664 1645 707 ee·

199 759 275 819 vata
297 759 389 819 sunt·
949 752 1123 820 euminibus
1146 776 1268 830 eurum,
1296 774 1376 835 quae
1399 752 1431 815 in
1454 752 1644 816 testudinem

199 861 233 924 in
250 861 386 927 modiolo
405 862 429 938 Ι,
448 862 480 924 in
499 868 647 944 tympano
666 861 782 925 claram
801 869 895 944 atque
948 867 985 925 ut
1006 859 1154 925 bracchia
1177 868 1249 925 sunt
1268 861 1418 935 eerneete,
1442 859 1590 941 singulas,
1613 857 1646 922 in

172 969 364 1034 euandidem
388 968 411 1032 I.
949 968 1060 1033 mediis
1079 967 1199 1043 iisdem,
1222 989 1300 1049 ques
1318 987 1441 1031 umeros
1461 966 1645 1031 Eratosthe·
1671 974 1689 1026 ὀ

949 1098 1004 1141 nes
1027 1073 1130 1156 fingit,
1157 1074 1310 1156 singulae,
1333 1075 1365 1137 in
1389 1074 1525 1157 eeeprulis
1547 1074 1646 1157 ipsius

948 1182 1115 1248 testudinis
1134 1203 1237 1258 unum,
1262 1183 1292 1244 in
1311 1181 1374 1244 imo
1393 1183 1488 1265 lyrae,
1511 1202 1592 1264 quee
1610 1186 1646 1245 ut

949 1290 1034 1354 basis
1058 1290 1156 1354 tetius
1179 1289 1311 1363 videtur,
1334 1310 1437 1353 utitem.

444 1735 469 1787 p.
492 1720 550 1781 152,
571 1720 611 1773 re.
1280 1716 1314 1779 n,
1334 1716 1359 1769 e.

245 1823 386 1908 Cygnum
413 1826 522 1891 dieunt
554 1828 637 1891 inter
668 1834 755 1892 estre
781 1826 896 1891 eonsti-
993 1826 1086 1889 Hune
1100 1845 1232 1909 cygnum
1243 1823 1354 1888 Graeci
1366 1824 1539 1906 adpellunt;
1553 1846 1645 1906 quem
1723 1820 1818 1876 XXV·

157 1935 303 1995 lotutum
331 1953 368 1996 eo
396 1935 480 2016 qued
503 1934 624 2017 Iupiter
647 1956 746 2017 cygno
768 1934 896 2000 adsimi-
950 1933 1125 2016 complures
1149 1936 1278 2015 prepter
1300 1932 1439 2014 ignotam
1464 1930 1524 1995 illis
1547 1931 1646 1996 histe-
1657 1943 1691 1995 10
1734 1910 1808 1967 ‘nm‘

200 2038 285 2103 latus
312 2040 482 2105 evolaverit
510 2041 542 2104 in
570 2042 750 2105 annuntn
773 2040 897 2107 Atticae
950 2042 1029 2105 riam
1049 2038 1203 2105 communi
1222 2059 1335 2121 genere
1354 2038 1458 2102 avium
1478 2030 1573 2123 ‹ipen›
1591 2039 1647 2103 ad-

201 2145 337 2227 regienin
382 2146 489 2230 ibique
528 2146 686 2212 Nemesim
726 2149 896 2214 violaverit.
950 2148 1152 2231 preliaverunt.
1203 2149 1243 2212 de
1275 2167 1336 2231 quo
1368 2144 1447 2209 haee
1477 2147 1647 2211 memoriae

201 2273 281 2335 quae
309 2256 432 2337 peperit
460 2276 564 2331 evum,
592 2278 629 2319 ex
658 2277 719 2337 que
747 2263 823 2320 nate
849 2263 897 2320 est
950 2256 1077 2339 predita
1099 2260 1147 2318 eet
1170 2274 1271 2319 canen.
1304 2254 1425 2337 Iupiter
1448 2274 1519 2317 eum
1542 2274 1648 2318 amore

202 2359 331 2435 Helene,
354 2362 434 2425 sieut
457 2362 554 2426 refert
578 2362 688 2427 Cretes
710 2369 812 2445 poete.
952 2363 1110 2437 induetun,
1147 2361 1294 2426 Nemesin
1331 2361 1463 2443 diligere
1495 2359 1648 2442 coepisset

952 2520 1037 2533 ....
1062 2472 1158 2553 (quae
1181 2473 1337 2545 sereretur,
1367 2467 1498 2530 rriiunde
1521 2470 1648 2547 sumpte
1659 2475 1692 2528 15

951 2578 1048 2659 suni).

195 4289 336 4345 emediole
356 4307 513 4361 errenpmun
532 4293 563 4345 ie
580 4292 691 4346 Heineii
709 4294 791 4348 libro.-
808 4294 902 4349 modu·
991 4289 1050 4347 ein
1073 4288 1237 4345 testudinem
1261 4286 1422 4344 BDGMR:
1449 4288 1477 4343 in
1501 4288 1639 4345 testudine
1663 4288 1693 4345 V.

155 4382 186 4435 lo
208 4379 242 4433 (ι’.
955 4398 968 4435 n
987 4380 1111 4434 coniectu
1134 4379 1230 4434 BMR.
1273 4379 1398 4434 conlecta
1422 4378 1455 4433 G.
1498 4379 1640 4434 eonleeutu
1663 4379 1694 4434 V.

957 4470 1063 4524 eoleetu
1081 4469 1118 4522 D.
1173 4487 1186 4523 n
1204 4468 1295 4538 fingit:
1314 4468 1394 4523 finxit
1417 4468 1448 4522 V.
1502 4484 1514 4522 r
1534 4468 1587 4523 imo
1606 4469 1694 4522 Men·

956 4559 1064 4612 eterne:
1082 4558 1137 4612 ime
1157 4558 1226 4612 lutri.

991 4666 1003 4703 u
1022 4664 1137 4717 cygnum
1158 4646 1257 4703 Graeci
1281 4647 1380 4703 DRV:
1402 4646 1501 4702 Graeci
1524 4664 1639 4717 cygnum
1660 4646 1694 4701 G.
