3894 5708
201 362 266 428 220

200 542 276 623 quin
304 541 381 605 satis
409 547 555 605 accurate
583 546 769 622 congruant,
797 539 942 622 equidem
969 537 1072 602 nullus
1100 537 1223 614 dubito,
1252 539 1326 620 quin
1353 540 1518 621 utriusque
1546 539 1658 623 capitis
1687 560 1745 604 eae

201 669 323 733 quoque
346 647 533 730 particulae,
561 667 641 731 quae
664 668 734 710 cum
757 647 884 711 scholiis
908 645 1097 711 Strozzianis
1120 648 1333 722 consentiunt,
1360 645 1506 729 primitus
1530 647 1562 710 in
1585 667 1745 711 commen·

200 756 290 820 tariis
313 755 504 839 Vergilianis
532 755 705 820 extiterint.
739 760 844 818 statuo
868 753 966 836 igitur
990 752 1242 818 Strozziancrum
1265 759 1425 818 auctorem
1451 753 1485 817 in
1509 753 1642 819 scholiis
1659 753 1743 818 Ger·

199 862 313 926 manici
336 859 565 945 amplificandis
587 868 714 944 praeter
733 861 891 944 Hyginum
910 867 943 924 et
961 860 1163 942 Fulgentium
1181 861 1277 924 etiam
1296 859 1428 943 Vergilii
1447 861 1584 945 aliquem
1602 860 1743 926 codicem

200 969 329 1033 scholiis
353 969 540 1033 instructum
564 967 755 1043 adhibuisse,
778 968 833 1050 qui
851 967 985 1031 fortasse
1009 967 1105 1031 hodie
1124 988 1245 1050 quoque
1264 968 1297 1030 in
1316 967 1424 1049 aliqua
1443 967 1635 1033 bibliotheca
1652 968 1743 1032 latet

288 1076 408 1152 Restat,
432 1083 467 1139 nt
490 1077 529 1138 de
553 1077 598 1139 eis
621 1075 733 1150 dicam,
756 1096 836 1158 qnae
861 1074 1080 1139 Andromedae
1103 1074 1256 1138 historiae
1279 1074 1390 1139 addita
1412 1080 1487 1140 sunt
1509 1098 1537 1158 p.
1560 1074 1743 1152 139,12s.:

198 1182 405 1246 Andromede
428 1182 501 1262 filiu
522 1181 587 1262 furt
614 1180 726 1261 Cephei
748 1187 776 1245 ct
799 1179 991 1260 Cassiepiae,
1016 1200 1097 1261 pieac
1115 1182 1272 1249 adcincta
1295 1185 1340 1243 est
1364 1204 1386 1246 a
1407 1181 1563 1261 Orrpidiae
1581 1184 1610 1245 et
1630 1182 1743 1245 datram

198 1293 243 1353 est
274 1296 473 1368 responsum,
510 1292 546 1352 ut
578 1288 759 1352 trude-retur
791 1288 872 1352 cetu-i
904 1288 949 1352 od
981 1288 1204 1352 decorandum.
1246 1309 1329 1368 qrrue
1360 1308 1514 1368 suspense
1545 1289 1630 1352 inter
1662 1288 1743 1352 duos

197 1400 315 1460 montes
342 1399 370 1459 et
398 1396 541 1475 exposito
568 1396 649 1458 ceteri
676 1417 745 1460 euru
769 1395 912 1459 erunibus
935 1396 1139 1459 mentientis.
1171 1416 1273 1477 neque
1300 1396 1333 1459 in
1356 1396 1483 1460 scholiis
1506 1395 1743 1461 Besileensibus

198 1523 299 1584 neque
327 1502 360 1566 in
387 1501 721 1595 Sangermancnsibus¹
737 1502 816 1566 haec
843 1507 964 1577 extant3
992 1523 1050 1566 noc
1077 1523 1127 1565 me
1154 1501 1281 1567 hercule
1310 1502 1350 1567 de
1374 1502 1577 1568 Andromeda
1598 1503 1679 1568 talin
1700 1501 1741 1567 ab

198 1611 328 1694 antiquo
356 1610 509 1693 scriptore
534 1599 667 1674 harrata
694 1629 761 1674 esse
784 1610 980 1674 crediderim.
1012 1615 1122 1692 aperte
1145 1616 1251 1674 autem
1273 1608 1348 1674 ficta
1370 1616 1444 1674 sunt
1467 1610 1508 1674 ad
1532 1610 1669 1694 Psyches
1691 1609 1741 1673 hi-

198 1718 315 1782 storiae
343 1718 527 1800 exemplum.
559 1717 708 1781 nimirum
736 1716 925 1781 scholiorum
949 1715 1201 1781 Strozzianorum
1224 1723 1347 1793 auctor,
1376 1737 1468 1801 quem
1493 1717 1605 1801 Apulei
1628 1738 1740 1781 narra-

199 1825 319 1888 tionem
341 1846 379 1888 ex
402 1823 569 1907 Fulgentio
594 1823 641 1888 III
665 1824 684 1887 6
709 1824 868 1907 cognitam
889 1822 1041 1888 habuisse
1060 1824 1211 1907 suspicor,
1234 1846 1273 1889 ea
1295 1845 1389 1908 quam
1412 1823 1496 1889 inter
1521 1824 1740 1889 Andromedae

197 1930 394 2015 Psychesque
421 1930 489 1995 fata
516 1931 711 1996 intercedere
739 1930 867 1995 videbat
889 1929 1150 2017 similitudine⁶⁴)
1173 1936 1335 2014 permotus
1357 1932 1526 2015 genuinam
1550 1929 1739 1997 Catasteris·

197 2058 319 2103 morum
342 2040 557 2103 narrationem
579 2039 626 2102 ita
649 2058 705 2102 suo
729 2037 831 2102 Marte
855 2038 1026 2102 exemerit

284 2146 332 2210 De
365 2144 505 2210 fontibus
537 2145 728 2210 scholiorum
756 2142 1009 2210 Strozzienorum
1036 2145 1156 2209 dictum
1189 2149 1249 2219 est3
1281 2145 1321 2209 de
1349 2150 1467 2221 aetate,
1500 2165 1561 2228 qua
1588 2145 1668 2210 haec
1694 2145 1739 2210 ita

197 2250 334 2318 conflate
356 2255 429 2328 sint,
452 2252 530 2316 certi
553 2251 633 2317 nihil
655 2274 706 2316 mo
728 2250 854 2317 adferre
877 2273 968 2334 posse
991 2272 1086 2334 quam
1109 2251 1243 2316 maxime
1266 2251 1366 2316 doleo.
1399 2252 1467 2335 ipsc
1485 2253 1613 2335 quidem
1632 2251 1736 2317 Stron-

197 2360 304 2424 aianus
332 2358 519 2442 archetypus
548 2379 616 2423 esse
643 2359 767 2441 nequit,
794 2380 865 2422 cum
892 2359 955 2423 iam
982 2358 1067 2423 vitiIs
1095 2357 1252 2422 nonnullis
1280 2358 1417 2436 laboret,
1449 2357 1563 2441 quibus
1592 2359 1737 2436 Vrbinas,

196 2488 386 2552 quamquam
403 2466 589 2550 plerumque
606 2466 839 2548 protervissime
858 2465 1077 2549 interpolatus,
1096 2471 1191 2530 caret.
1223 2486 1325 2549 neque
1343 2471 1448 2530 tamen
1468 2471 1542 2529 ante
1560 2486 1641 2530 saec.
1661 2465 1737 2531 VIII

195 2574 364 2638 vorborum
387 2578 578 2637 structuram
601 2573 656 2649 itu,
679 2579 715 2636 ut
738 2573 770 2636 in
793 2571 982 2637 Strozzianis
1006 2572 1124 2636 factum
1147 2593 1214 2637 esse
1232 2572 1376 2648 vidimus,
1400 2573 1522 2655 neglegi
1541 2573 1738 2638 crediderim

196 2681 302 2762 itaque
330 2679 448 2744 scholia
472 2679 654 2744 Strozziana
681 2679 765 2743 inter
792 2700 870 2744 saec.
894 2678 972 2743 VIII
996 2685 1027 2743 et
1050 2678 1124 2742 XIV
1148 2686 1180 2744 et
1202 2678 1235 2743 in
1259 2679 1353 2744 Italia
1376 2679 1504 2763 quidem
1528 2700 1565 2744 ex
1589 2679 1634 2744 eis
1658 2699 1738 2763 quae

195 2809 291 2872 supra
312 2787 448 2852 indicari
471 2787 597 2870 scriptis
621 2784 756 2852 conflata
779 2807 846 2852 esse
869 2792 988 2863 statu03
1014 2786 1075 2850 hoc
1097 2785 1195 2869 igitur
1217 2787 1368 2869 temporis
1392 2787 1494 2869 spa-tio
1518 2792 1646 2869 praeter
1668 2786 1738 2850 Fri·

195 2895 372 2977 singensem
395 2893 476 2958 elius
499 2914 622 2978 qnoque
645 2893 825 2958 fabularum
847 2892 1098 2977 Hyginianarum
1121 2893 1220 2958 codex
1243 2894 1386 2970 extabat,
1414 2894 1481 2978 qui,
1504 2893 1564 2958 etsi
1587 2894 1739 2959 nonnulla

195 3001 273 3065 vitia
299 3023 369 3065 cum
393 3000 586 3083 Frisingensi
614 3002 791 3066 communia
813 3000 959 3076 haberet,
985 3005 1092 3064 tamen
1120 3004 1152 3065 et
1174 3000 1328 3083 integrior
1350 3007 1420 3064 eret
1442 3021 1543 3083 neque
1566 3001 1740 3085 interpola-

197 3108 276 3172 toris
298 3129 427 3173 manum
449 3129 624 3192 perpessus.
656 3129 720 3190 qua
742 3130 781 3172 ex
804 3108 983 3190 cognitione
1006 3112 1158 3189 quantum
1182 3107 1384 3172 emolumenti
1407 3107 1449 3172 ad
1471 3106 1596 3172 fabulas
1619 3108 1740 3194 Hygini

195 3216 403 3281 recensendas
429 3215 585 3280 redundet
609 3220 641 3279 et
663 3199 720 3297 per
747 3235 781 3279 se
802 3220 892 3297 patet
915 3220 948 3278 et
976 3213 1110 3279 sortasse
1137 3214 1200 3279 alio
1228 3215 1298 3301 loco
1321 3214 1446 3296 alioque
1473 3221 1615 3297 tempore
1643 3215 1742 3282 latius

197 3343 360 3406 exponam.

282 3588 315 3654 ⁶⁴)
334 3589 380 3643 rix
399 3596 450 3656 est,
471 3590 542 3659 quod
561 3604 687 3643 moneam
707 3588 834 3657 Apuleio,
854 3604 914 3644 cum
935 3589 1054 3659 Psyches
1073 3587 1272 3658 expositionem
1292 3587 1474 3654 describeret,
1494 3603 1524 3643 re
1545 3603 1612 3644 vere
1631 3588 1744 3644 Andro·

194 3679 292 3735 medae
310 3677 433 3734 fabulam
452 3679 626 3733 obversatam
645 3694 713 3732 esse.
