3894 5708
298 381 359 444 112
514 379 654 432 Eemous.

375 548 459 639 Ἔχει
484 555 520 620 δὲ
544 547 562 622 ὁ
590 560 715 642 Ταῦρος
738 548 877 641 άστέρας

338 658 364 744 ζ’
388 661 459 748 (ist
480 669 538 750 τῆς
561 662 721 748 κεφαλῆς)
741 700 782 710 -
803 655 821 727 ὃ
842 663 878 727 δὲ

336 760 521 834 ὑπεναντία
544 766 636 856 ἕρπει
655 761 736 833 καθ’
756 760 878 833 ἑαυτὸν

338 871 424 960 ἔχων
460 868 522 963 τὴν
558 872 707 962 κεφαλήν
746 914 786 923 -
826 867 878 957 ἐφ’

310 976 507 1068 5ἓκατέρων
544 981 580 1048 δὲ
616 992 687 1049 των
724 977 879 1068 κεράτων

338 1086 393 1154 ἐπὶ
411 1096 468 1175 τῆς
482 1085 654 1171 ἐκφύσεως
673 1085 713 1170 α’,
731 1078 781 1154 ὦν
800 1093 878 1171 λαμ-

336 1191 501 1281 πρότερος
515 1188 534 1261 ὃ
550 1195 605 1262 ἐπὶ
618 1204 677 1283 τῆς
691 1189 875 1281 άριστερᾶς·

338 1293 391 1383 ἐφ)
410 1296 580 1388 ἑκατέρων
597 1310 669 1368 τῶν
688 1295 879 1385 ὀφθαλμῶν

338 1403 379 1487 α’,
407 1405 463 1472 ἐπὶ
485 1416 549 1473 τοῦ
570 1417 738 1496 μυκτῆρος
762 1404 802 1488 α’,
827 1398 879 1489 ἐφ’

293 1522 328 1576 10
338 1508 508 1598 ἑκατέρων
540 1523 611 1580 των
639 1509 755 1600 άκρων
783 1509 878 1598 κερά-

337 1643 408 1686 των
423 1616 465 1684 α’·
484 1610 579 1687 οὗτοι
588 1614 699 1698 Ὑάδες
713 1621 876 1705 λέγονται·

338 1725 394 1792 im
412 1727 448 1791 δὲ
466 1734 529 1792 τοῦ
548 1720 725 1815 ἀριστεροῦ
738 1724 880 1812 γόνατος

337 1840 400 1899 τοῦ
429 1832 639 1918 ἐμπροσθίων
663 1830 703 1914 α’,
731 1832 880 1899 ἐπὶτῶν

335 1945 448 2027 χηλῶν
471 1936 512 2021 β’,
536 1939 591 2005 ἐπὶ
613 1948 675 2005 τοῦ
695 1941 807 2022 δεξιοῦ
825 1937 879 2025 γό-

294 2057 328 2109 15
339 2070 439 2123 νατος
454 2043 494 2127 α’,
514 2046 569 2112 ἐπὶ
582 2056 644 2112 τοῦ
658 2043 824 2133 τραχήλου
838 2044 879 2128 β’,

339 2151 394 2218 ἐπὶ
416 2161 475 2239 τῆς
498 2149 623 2238 ῥάχεως
641 2150 680 2238 γ’,
702 2146 765 2219 τὸν
788 2149 879 2237 ἔσχα-

338 2282 400 2324 τον
424 2256 589 2344 λαμπρόν,
611 2253 678 2325 ὑπὸ
697 2252 759 2346 τὴν
777 2262 879 2325 κοιλί-

338 2388 380 2429 αν
404 2361 445 2445 α’,
468 2364 524 2430 ἐπὶ
546 2374 607 2431 τοῦ
631 2362 779 2451 στήθους
801 2371 879 2450 λαμ-

337 2464 427 2557 πρὸν
451 2468 490 2536 α’.
536 2463 615 2549 τοὺς
638 2467 767 2549 πάντας
791 2468 841 2557 ιη’.

329 2736 515 2791 Tesmuoruu.
556 2735 713 2792 Germanic.
737 2755 761 2791 o.
785 2741 841 2792 176
858 2754 879 2793 s.

329 2825 482 2894 quamlibet
497 2825 621 2894 ignarum
638 2826 708 2881 caeli
726 2844 776 2882 suo
792 2827 880 2882 formo

294 2914 405 2969 docebit
418 2915 427 2982 i
442 2922 469 2969 ot
488 2922 572 2984 caput
591 2923 618 2970 et
633 2916 746 2984 patulae
762 2917 836 2971 naris
852 2923 879 2971 st

294 3019 396 3057 cornua
415 3002 507 3057 Tauri.
545 3007 648 3071 (cetera
666 3021 700 3058 erc
718 3005 830 3073 Arato.)

329 3090 427 3145 Aoiem.
447 3109 470 3145 ν.
490 3095 546 3147 424
565 3110 585 3147 s.

280 3198 282 3203 ·
293 3182 365 3237 flexo
375 3182 448 3237 iacet
458 3181 733 3252 illecturemiuocesti
741 3175 768 3236 in
776 3189 877 3237 terram

293 3270 380 3340 figens
399 3270 492 3325 oculos
495 3313 588 3325 ......
599 3271 707 3339 gemino
722 3270 762 3325 sic
778 3287 878 3325 cornua

293 3361 377 3415 ductu
395 3360 405 3430 Η
423 3359 505 3427 erigit
528 3360 645 3414 aetherii
664 3360 741 3428 vigor
760 3360 831 3427 ignis
851 3367 879 3413 ot

294 3447 365 3516 ignis
389 3447 527 3516 utrimque
554 3450 563 3519 {i
585 3448 625 3502 sic
653 3449 772 3503 camuris
799 3450 879 3504 ardet

293 3535 486 3604 protractibus.

328 3620 877 3693 siminicrrspoiir‘rcadd.Schaubacieims.

293 3729 305 3767 s
331 3707 402 3765 καθ’
437 3707 551 3766 tactor:
583 3730 652 3766 mmm
685 3712 878 3782 καθειμένηνῖ

295 3820 327 3855 1o.
348 3819 372 3855 11
392 3793 490 3870 άκρων
508 3797 638 3871 κεράτων
655 3805 761 3871 scripsi.
791 3795 878 3867 ὤμων

295 3889 364 3957 libri,
388 3888 463 3956 quod
485 3888 555 3953 ferri
576 3906 634 3942 mom
652 3906 733 3959 posse
751 3893 808 3944 iam
828 3892 879 3944 olii

294 3978 431 4032 ciderunt.
504 3995 530 4033 ιε
548 3973 574 4047 β
593 3980 699 4047 scripsi,
719 3974 744 4032 α’
765 3979 834 4032 tzur.

957 375 1058 429 Sonos.
1078 378 1167 429 Astur.
1311 373 1412 428 sonos.
1432 372 1525 428 Gustu.
1544 372 1597 426 BP.
1621 389 1648 441 p.
1668 371 1710 438 76,
1730 372 1772 427 13.

994 552 1132 605 omittunt.

1294 552 1415 616 Taurus
1424 551 1502 637 (non
1515 549 1616 638 totus)
1630 548 1793 634 figuratim.

1249 658 1348 724 habet
1374 659 1482 723 stollas
1510 659 1544 722 iu
1565 657 1680 723 frontis
1702 662 1793 722 utro-

1249 787 1310 848 quo
1333 771 1433 848 porte,
1457 766 1488 830 id
1514 769 1562 830 est
1585 765 1618 829 in
1637 764 1794 841 cornibus,

1250 872 1398 955 singulos.
1475 871 1591 937 clarior
1636 871 1793 936 sinistrae.

1248 980 1281 1042 in
1310 978 1408 1044 oculis
1431 978 1584 1061 singulas,
1611 978 1644 1041 iu
1667 998 1744 1043 nsso
1768 976 1792 1041 Ι.
1823 987 1843 1040 5

1170 1177 1177 1193 ·
1249 1085 1310 1150 hae
1338 1084 1450 1150 stellae
1474 1084 1499 1148 V
1524 1085 1652 1168 Hyades
1680 1084 1793 1168 adpel-

1250 1193 1364 1256 luntur.
1398 1193 1431 1255 iu
1454 1191 1582 1256 sinistro
1606 1212 1689 1274 genu
1711 1190 1736 1266 I,
1760 1191 1794 1255 in

1250 1298 1361 1363 dextro
1376 1297 1400 1374 1,
1419 1298 1452 1360 iu
1467 1296 1587 1380 ungula
1600 1296 1642 1373 11,
1660 1297 1693 1362 in
1711 1297 1794 1362 collo

1249 1404 1295 1481 11,
1317 1405 1351 1469 in
1374 1405 1468 1468 dorso
1491 1402 1548 1467 111.
1593 1403 1706 1468 ultimo
1729 1404 1794 1469 cla·

1249 1513 1323 1575 rior.
1356 1511 1414 1575 sub
1433 1515 1543 1575 ventre
1561 1509 1586 1586 1,
1609 1511 1642 1574 in
1664 1517 1795 1595 pectore
1807 1520 1845 1573 10

1250 1617 1386 1683 Iolora.
1432 1617 1512 1682 fiunt
1538 1616 1623 1681 XVI.
1668 1617 1709 1681 ab
1736 1617 1795 1681 ab·

1249 1725 1399 1789 scissione
1435 1726 1519 1788 tauri
1551 1725 1592 1789 ad
1624 1724 1672 1801 id,
1707 1724 1796 1808 quod

1249 1837 1380 1896 vocatur
1398 1814 1511 1908 rochis,
1531 1835 1651 1914 septem
1671 1830 1796 1908 stellae,

1250 1959 1328 2019 quus
1337 1938 1516 2003 Atlantides
1525 1938 1695 2020 adpellant
1713 1958 1796 2022 quae

1250 2065 1312 2108 non
1340 2044 1487 2109 videntur
1515 2045 1605 2109 simul
1635 2044 1696 2109 uisi
1724 2065 1795 2110 sex:
1808 2052 1846 2106 15

1250 2152 1385 2233 septima
1408 2150 1548 2215 obscuro„

1024 2753 1033 2789 ι
1058 2751 1111 2788 non
1135 2743 1207 2790 totus
1227 2736 1293 2790 arici.
1312 2739 1337 2808 β.
1411 2753 1423 2790 s
1447 2736 1532 2791 habet
1551 2736 1617 2789 add.
1635 2739 1662 2806 β.
1736 2753 1757 2790 s.
1777 2753 1793 2793 s
1814 2735 1846 2791 in

986 2823 1084 2878 frontis
1099 2832 1215 2893 utroquo
1230 2832 1310 2894 porte
1324 2829 1350 2896 β.
1376 2825 1403 2880 ἰο
1418 2825 1508 2879 fronto
1523 2825 1766 2894 utriusquepartis
1777 2825 1845 2879 BP.

986 2931 999 2969 s
1014 2913 1042 2968 id
1058 2920 1099 2968 ost
1113 2913 1141 2967 in
1157 2914 1292 2981 cornibus,
1308 2931 1381 2982 quoe
1389 2916 1421 2968 im
1430 2914 1485 2968 BP
1489 2920 1553 2983 post
1563 2913 1692 2968 sinistros
1707 2914 1847 2982 spinter

986 3002 1040 3055 huc
1057 3005 1203 3072 remearit,
1222 3003 1345 3072 singulas
1365 3004 1477 3058 addidit
1494 3008 1520 3074 β.
1633 3003 1718 3059 chae
1737 2988 1845 3058 steilae

987 3092 1136 3162 VHyadcs
1155 3093 1339 3161 adpelluntur.
1373 3108 1406 3146 cc
1423 3092 1537 3163 primo
1556 3092 1683 3161 οοοῑὶραε
1700 3092 1733 3145 im
1753 3090 1845 3145 Goto-

986 3181 1117 3234 sterrsmis
1131 3197 1224 3234 eorum
1239 3183 1397 3250 opinionem
1411 3187 1649 3236 commemoratam
1661 3180 1758 3245 scrisse,
1783 3183 1845 3250 qui,

986 3285 1048 3322 cum
1068 3271 1316 3337 quinqueremem
1330 3271 1451 3341 Hyadas
1467 3270 1744 3339 superseminatorem,
1765 3269 1846 3324 cimas

984 3357 1016 3410 im
1035 3374 1171 3412 cormeum
1188 3359 1331 3413 radicibus
1350 3359 1443 3414 stellas
1465 3377 1524 3414 mom
1547 3364 1728 3428 senescerent
1748 3375 1846 3427 meque

986 3447 1111 3518 XVIII,
1139 3448 1187 3501 seri
1210 3448 1288 3503 XVI
1312 3449 1396 3503 stellis
1423 3455 1511 3503 totum
1537 3449 1648 3517 εἱρααω
1670 3448 1844 3516 fiper-areret.

986 3537 1091 3590 horum·
1103 3537 1191 3606 ipitur
1208 3539 1373 3592 sententiam
1388 3538 1531 3606 ampiexus
1549 3553 1604 3590 csse
1622 3534 1734 3590 uidetur
1751 3537 1844 3591 imter-

982 3642 1047 3692 pres
1064 3624 1238 3692 Germanici5
1257 3641 1427 3693 quamquam
1441 3627 1472 3680 ici
1485 3641 1594 3694 quoque
1608 3625 1728 3693 copitari
1736 3630 1844 3694 potest,

986 3715 1210 3782 interpolatorem
1220 3715 1340 3782 aliquem
1349 3715 1416 3769 icccc
1421 3731 1455 3770 cor
1460 3713 1641 3784 praecedenti
1646 3712 1763 3766 Musaei
1771 3731 1843 3768 mor·

984 3804 1094 3857 ratiorre
1108 3804 1261 3872 cmriepisse.
1286 3809 1344 3857 tum
1359 3805 1440 3858 uerba
1454 3802 1560 3858 tradito
1570 3801 1790 3857 ordimeserrato
1799 3803 1845 3857 ito

984 3892 1129 3945 scribenda
1143 3898 1239 3946 mort:
1253 3891 1281 3945 in
1295 3891 1394 3946 frontis
1408 3900 1525 3961 utroquo
1539 3896 1619 3960 parte
1628 3889 1762 3958 siugqus.
1784 3891 1842 3947 clo·

984 3979 1068 4034 rioriu
1088 3980 1207 4035 sinistro.
1247 3980 1275 4034 in
1294 3980 1421 4035 cornibus
1440 3981 1562 4050 singulos
1579 3979 1675 4048 (deleto
1693 3978 1722 4033 id
1741 3986 1798 4047 est)
1817 3987 1845 4036 et

983 4070 1040 4124 sV
1066 4070 1098 4122 αι
1116 4070 1180 4135 VII,
1214 4087 1238 4124 11
1268 4070 1319 4125 XV
1341 4071 1373 4123 im
1402 4070 1493 4124 XVIII
1516 4070 1685 4126 mutandum
1709 4073 1780 4139 τοίη
1807 4087 1844 4126 oc

983 4157 1059 4223 fauet
1076 4158 1141 4210 ismic
1158 4158 1312 4225 suspicioni
1330 4158 1357 4212 S.
1488 4175 1591 4227 rgenu
1610 4177 1633 4214 ε.
1671 4175 1758 4214 cornu
1777 4160 1842 4213 BP.

917 4272 922 4282 ·
983 4247 1042 4300 ⁸11
1060 4247 1166 4313 scripsi.
1187 4248 1226 4300 III
1245 4246 1305 4300 BP.
1379 4266 1403 4301 11
1424 4248 1489 4301 XVI
1507 4248 1612 4316 scripsi.
1632 4248 1684 4303 XV
1702 4247 1765 4303 BP.
1804 4248 1842 4303 ob

985 4333 1050 4387 acici.
1070 4338 1098 4404 β.
1163 4352 1189 4390 rs
1208 4342 1321 4390 vocatur
1340 4353 1362 4390 ε.
1381 4343 1514 4390 vocantur
1532 4335 1592 4391 BP.
1657 4350 1683 4392 ιο
1701 4335 1756 4390 nisi
1775 4353 1841 4391 sex:
1880 4400 1885 4409 ,

984 4422 1103 4490 septimo
1123 4441 1144 4477 ε.
1183 4423 1235 4477 uisi
1255 4424 1279 4477 si
1298 4441 1332 4479 cx
1351 4425 1470 4494 septimo
1488 4425 1523 4479 Β,
1555 4425 1609 4479 nisi
1629 4424 1785 4494 exsoptIms
1802 4424 1840 4480 P.
