3894 5708
598 549 805 625 verterentur,
815 546 860 635 ⁸⁴)
897 566 934 612 eu
974 546 1091 612 dieitur·
1131 544 1179 609 iu-

601 653 796 740 quissimus-⁵)

124 871 265 937 ‹lubitui
289 874 392 955 potest
415 871 454 936 do
476 891 628 937 eousousu
650 870 683 934 iu
706 869 838 953 septimo
862 868 969 952 signo:

308 1067 368 1120 vu.
817 1082 842 1133 p.
861 1066 904 1125 οο,
926 1066 966 1118 ro.
1430 1140 1434 1147 ι

174 1162 549 1261 1οξότης·οὗτος(αα1ςο
645 1173 797 1255 Nipielius
815 1172 852 1235 (le
869 1170 960 1235 Croto
982 1173 1089 1235 euclem
1107 1173 1183 1235 dieii
1278 1170 1475 1253 Supitiurius
1548 1167 1657 1232 (lotos

125 1273 548 1365 aitis-,eorswoelffliniusl
602 1280 762 1367 (nimirum
798 1301 836 1344 ao
874 1279 979 1362 paullo
1014 1285 1108 1343 antea
1144 1301 1182 1343 ex
1234 1275 1655 1359 fili-risnutririsMu-sormu,

123 1380 207 1473 μετὰ
226 1395 296 1451 τῶν
312 1390 461 1451 Μουσῶν
476 1379 548 1452 cius·
602 1387 833 1454 Cotasterismis
858 1386 1020 1471 narravit),
1041 1387 1096 1450 sed
1117 1407 1182 1450 αοα
1236 1385 1456 1468 nemorosae
1473 1403 1591 1463 semper
1608 1382 1657 1445 ili·

124 1491 249 1581 rpeipp·
270 1493 398 1578 ἐλέγετο
414 1494 449 1558 δὲ
461 1490 547 1580 Κρό-
602 1498 816 1560 emiumsutum
837 1494 952 1571 Musis,
976 1494 1031 1558 secl
1103 1514 1181 1573 pro·
1236 1494 1377 1557 leserunt
1386 1511 1429 1570 eo,
1442 1490 1527 1573 quod
1536 1490 1658 1570 plausu

126 1624 196 1678 τος·
225 1591 324 1679 οὗτος
347 1600 477 1685 ἐγένετο
502 1602 548 1666 de·
602 1600 652 1666 eul
688 1601 831 1665 utilitum
866 1600 1028 1682 repentino
1059 1600 1182 1680 plausu
1236 1605 1264 1664 et
1291 1600 1364 1663 lusu
1391 1599 1583 1681 supitlurum
1605 1616 1658 1660 eus

125 1705 211 1797 φυὴς
234 1709 341 1796 (vulgo
365 1699 511 1794 εὐφυής).
603 1708 818 1793 οὺίοοίαεεαθθ)
847 1712 992 1772 collentes
1098 1708 1183 1789 pieorl
1236 1711 1390 1771 uenerunt.

602 1820 678 1881 esset
699 1816 834 1880 oretrieis
857 1835 967 1881 eurum
989 1814 1086 1895 filius.

215 2065 360 2149 Nigidius
389 2067 485 2149 igitur
510 2064 639 2130 Crotum
665 2087 736 2129 oum
759 2065 857 2129 Musis
884 2071 1100 2130 conversatum
1128 2087 1194 2129 esse
1227 2067 1360 2148 negavit.
1411 2069 1445 2126 nt
1471 2083 1533 2144 quo
1565 2061 1658 2124 modo

123 2180 195 2237 tum
217 2173 309 2237 simul
332 2195 401 2237 num
425 2175 470 2237 eis
492 2173 642 2237 educatus
661 2193 728 2237 esso
747 2173 869 2257 potest?
907 2173 939 2236 ni
963 2172 1065 2247 fallor,
1089 2172 1166 2235 nihil
1194 2173 1282 2237 oliud
1310 2171 1362 2235 illo
1391 2169 1529 2233 indicare
1552 2168 1659 2243 voluit,

123 2279 187 2344 nisi
210 2278 339 2343 Crotum
363 2301 425 2343 uon
449 2301 553 2345 eoram
577 2278 688 2355 Musis,
711 2281 766 2344 sed
788 2280 896 2363 procui
920 2278 1063 2344 abditum
1087 2279 1251 2361 plausisso3
1281 2301 1352 2343 num
1375 2300 1445 2342 cum
1468 2283 1569 2339 muter
1593 2275 1659 2338 eius

123 2387 225 2470 ipsius
251 2386 370 2469 Nigidii
403 2387 584 2452 testimonio
611 2389 718 2451 nutrix
745 2387 905 2451 Musarum
933 2386 1041 2461 tuerit,
1073 2408 1145 2450 eum
1177 2386 1269 2450 simui
1307 2408 1377 2450 oum
1413 2384 1458 2448 eis
1488 2382 1660 2447 adolevisse

123 2500 366 2560 consentaneum
389 2499 444 2557 est
490 2494 530 2557 do
553 2491 672 2558 Cancro
696 2495 850 2578 interpres
874 2493 1051 2558 Germanioi
1074 2493 1235 2576 Nigidium
1262 2516 1324 2557 non
1347 2490 1516 2565 consuluit,
1543 2490 1598 2554 sed
1622 2510 1660 2552 ex
1738 2504 1741 2509 ’

125 2600 269 2684 Ampelio
297 2601 444 2665 discimus
476 2600 564 2664 illum
591 2601 656 2665 aliu
678 2623 741 2665 uon
773 2601 953 2677 tradidisse,
985 2622 1079 2683 quam
1106 2622 1184 2684 quae
1217 2602 1248 2664 in
1277 2600 1509 2664 Cntnsterismis
1536 2617 1659 2679 quilque

122 2716 255 2774 narrata
281 2713 378 2772 erunt.
424 2708 532 2792 itaquo
556 2713 686 2791 possunt
708 2713 792 2773 certo
817 2707 960 2773 Dosithei
983 2706 1088 2784 verba,
1115 2714 1263 2790 corrupto
1285 2730 1360 2772 sune
1384 2706 1516 2770 uoodum
1543 2702 1659 2787 proba·

122 2816 235 2880 biliter
253 2816 409 2891 restituta,
428 2816 605 2901 Καρκίνος,
629 2805 681 2879 ὅτι
699 2807 780 2898 μεθ’
799 2807 995 2900 Ἡρακλέους
1013 2806 1118 2900 iiitpnv
1142 2809 1283 2896 inpages>
1307 2816 1347 2878 ex'
1362 2813 1490 2895 Nigidio
1514 2817 1661 2893 excerpto

124 2944 202 2987 esse.
235 2921 362 2987 Libram
377 2922 568 2997 scholiastes,
587 2922 735 3005 qnoniam
749 2921 952 2987 Germanicus
972 2923 1105 2987 Aratum
1123 2927 1248 2986 secutus
1267 2921 1410 2985 under-im
1429 2926 1552 2984 tautum
1572 2918 1660 3000 sigua

124 3034 298 3106 enumerat,
321 3029 433 3093 omisit.
479 3030 540 3093 ium
567 3029 664 3112 igitur
686 3031 748 3093 triu
771 3034 892 3095 restant
918 3031 1021 3112 siguo,
1049 3030 1088 3094 do
1112 3028 1225 3113 quibus
1248 3049 1329 3112 quun
1352 3026 1521 3091 Dositheus
1544 3030 1661 3097 murat,

121 3136 241 3199 mirum
277 3135 309 3199 in
341 3136 468 3199 modum
499 3134 601 3199 tribus
638 3156 676 3199 ex
708 3135 771 3200 illis
812 3142 962 3220 quattuor
997 3135 1231 3201 narrationibus
1267 3134 1471 3217 respondent,
1513 3154 1590 3218 quis
1624 3152 1660 3195 ex

123 3242 256 3325 Nigidio
278 3241 478 3308 seholiustam
501 3243 667 3326 sumpsisse
691 3265 785 3327 supra
808 3243 913 3309 statui.
960 3243 1016 3308 sed
1039 3245 1107 3327 ipsa
1129 3243 1225 3308 verbu
1248 3242 1423 3308 considero:

252 3473 422 3528 Dosrrsuvs.
604 3474 739 3529 Nrormvs
762 3443 887 3528 varms
915 3489 945 3526 ru
968 3475 1067 3528 Senon.
1093 3473 1184 3528 Genu.
1350 3458 1498 3526 Airrunrvs
1517 3472 1552 3525 11.

314 3581 361 3635 111.
820 3598 846 3650 p.
866 3583 908 3645 οο,
929 3583 970 3634 m.

172 3688 321 3770 Δίδυμοι·
334 3680 552 3774 Ἡρακλῆςκαὶ
649 3693 722 3753 suut
751 3690 807 3771 qui
834 3689 943 3751 elieunt
966 3688 1132 3752 Herculem
1159 3695 1187 3753 et
1284 3686 1367 3750 Simt
1384 3689 1441 3768 piei
1458 3688 1567 3751 elieuut
1581 3687 1663 3750 Her·

125 3789 269 3879 θησεύς,
299 3786 411 3881 ἐπειδὴ
437 3788 549 3878 ὁμοιο-
607 3796 755 3860 Ἠιεοοααο
781 3816 844 3862 esso
862 3847 869 3859 .
890 3846 896 3860 .
916 3847 921 3859 .
942 3816 1078 3877 itumque
1105 3796 1187 3861 Her·
1240 3794 1338 3857 ‘nilum
1355 3798 1383 3857 et
1400 3793 1558 3872 Theseum,
1579 3793 1664 3874 'qumi

122 3895 267 3985 τρόποις
281 3893 469 3987 ἀθλήμασιν
479 3901 549 3967 ivs·
604 3903 686 3966 eules
701 3903 861 3968 duodecim
875 3903 972 3967 otialis
983 3902 1185 3989 perfeetis³⁷)
1240 3901 1360 3967 similia
1370 3901 1533 3966 ‹illilusiut
1548 3902 1663 3981 erilium.

120 4005 275 4092 γένοντο.
604 4030 629 4074 e.
653 4032 681 4094 q.
705 4033 728 4073 s.
796 4038 799 4045 ¹

126 4208 286 4215 ..ο--..-
303 4210 339 4216 —

217 4327 250 4390 ³¹)
269 4327 446 4381 arthemium
467 4329 630 4396 pertinebat.
655 4344 727 4396 puae
749 4329 912 4396 miiituqnne
936 4346 1008 4396 piene
1031 4329 1070 4382 cul
1089 4330 1235 4383 utilitatem
1258 4329 1411 4382 inmunibus
1434 4335 1578 4383 uterentur
1596 4345 1663 4395 prer-

121 4421 253 4473 terentur
277 4416 404 4477 Urbinas)
428 4417 481 4471 BP.
501 4416 540 4470 au
562 4417 683 4472 hormines
703 4418 870 4486 pertinebat,
895 4420 967 4486 quod
990 4436 1040 4487 pro
1058 4420 1222 4487 glossemate
1242 4420 1343 4484 habeo,
1367 4418 1465 4472 delevi.
1494 4420 1664 4473 Biniielerus

125 4511 237 4570 eontra,
261 4505 351 4559 verbis
376 4522 448 4572 pilae
471 4506 510 4559 ud
532 4507 681 4561 utilitatem
702 4507 856 4562 deprimitis
878 4512 1024 4561 uterentur
1043 4507 1155 4575 doletis,
1184 4509 1272 4563 locum
1296 4509 1336 4562 its
1359 4507 1501 4562 coustituit
1525 4509 1665 4576 niultuque

123 4611 205 4663 elisue
223 4594 262 4647 ad
279 4594 400 4649 domines
415 4595 600 4662 pertinebant.

222 4681 255 4749 ³⁶)
274 4684 420 4750 inquisisse
437 4685 491 4738 BP.
510 4685 688 4751 invenisses,
709 4686 781 4754 quod
800 4685 916 4740 fortusse
935 4692 1068 4754 praestat.

221 4771 254 4840 ³⁴⁵)
274 4773 418 4828 oblectasse
436 4773 602 4844 Broysigius.
632 4775 783 4829 oblectabat
800 4776 852 4829 BP.
873 4775 1007 4829 oblectare
1025 4775 1151 4830 Urbinas.

223 4861 256 4929 ³⁷)
274 4863 328 4917 Par
351 4870 393 4917 est
411 4863 551 4932 Nigidium
576 4864 659 4919 etium
679 4865 713 4918 de
733 4864 833 4918 Thesei
856 4864 941 4919 athiis
960 4864 1135 4934 disseruisse;
1160 4867 1208 4918 sed
1228 4881 1261 4919 eo
1280 4865 1418 4934 interpres
1437 4863 1593 4920 Germanici
1613 4881 1666 4918 uon

124 4951 278 5022 excerpsit.

1418 5046 1455 5097 *ἐξ
