3894 5708
210 356 253 427 64
432 356 570 418 Enmonn.
755 364 854 420 Senon.
865 365 987 420 Amr.
998 364 1039 421 11.
1050 364 1129 436 p.i›9,
1141 365 1180 421 14.
1226 367 1325 423 Senon.
1345 366 1437 423 (inan.
1456 366 1509 423 BP.
1532 385 1559 438 p.
1578 368 1621 435 61,
1640 370 1665 425 3.

254 542 291 609 ἐν
306 538 409 629 olyram
433 544 468 607 oe
487 539 600 629 ἕστηκε
620 539 660 607 τό
679 567 715 607 τε
734 539 788 626 (56-
885 566 977 620 τινας
1013 538 1103 632 Ἡρα·
1156 546 1236 629 pelle
1272 547 1370 612 leonia
1406 553 1540 632 opertus,
1577 548 1693 615 dicitur

255 657 364 717 ιιαλον
397 642 609 727 ιένατετακοὸς
640 652 696 715 καὶ
727 642 788 738 τὴν
885 653 964 736 κλῆς
992 649 1046 717 ἐπὶ
1069 647 1101 719 ὄ-
1156 675 1227 717 cum
1248 655 1289 718 ad
1312 654 1395 720 mala
1417 675 1513 721 aurea
1533 655 1693 740 profectus

254 763 395 845 λεοντῆν
417 757 673 844 κιριειλημένος
700 754 787 843 λέγε·
884 779 974 837 occec
1011 764 1102 848 βεβη-
1156 767 1250 838 esset,
1276 768 1312 825 ut
1334 761 1432 826 refert
1454 761 1605 829 Panuaeis
1627 763 1692 827 He·

254 890 308 930 ται
341 865 390 946 ol,
422 855 478 929 ὅτε
512 863 566 930 ιἰιλ
598 856 639 929 τὰ
666 861 787 950 χρύσεα
885 860 961 940 κώς.

226 977 338 1059 ὑμῆλα
357 969 536 1058 ἐπορεύθη,
554 963 616 1036 τὸν
631 965 711 1053 ὄφιν
725 965 786 1037 τὸν

252 1076 453 1165 τεταγμένον
496 1075 629 1161 φύλακα
675 1070 787 1144 αὐτῶν

252 1180 382 1252 ιῖνελεϊν
400 1187 418 1225 *
436 1186 454 1223 *
472 1186 507 1265 *,
536 1177 620 1250 ὅθεν
644 1183 785 1251 ἐπιτελε-

252 1291 393 1370 οθέντος
419 1302 481 1358 τοῦ
510 1289 606 1379 ἔργον
628 1284 711 1377 μετὰ
732 1317 784 1377 με-

250 1404 365 1486 γίστου
383 1397 544 1466 κινδύνου
561 1393 655 1482 ἄξιον
671 1392 689 1466 ὃ
704 1393 786 1478 Ζεὺς

209 1511 365 1595 Ιοκρὶνιις
386 1500 448 1572 τὸν
472 1496 581 1574 ἆθλον
599 1504 725 1594 μνήμης
749 1506 785 1572 ἐν

250 1628 321 1691 τοῖς
344 1609 477 1700 ἄστροις
500 1611 601 1700 ἔθηκε
620 1606 659 1679 τὸ
677 1614 784 1690 ΙΕἴδω-

250 1727 323 1788 λον·
350 1718 418 1787 ἔστι
442 1722 476 1786 δὲ
500 1715 519 1787 ὁ
542 1721 602 1806 μὲν
618 1715 709 1802 Ὄφις
731 1745 784 1805 με-

250 1827 379 1914 τέωρον
398 1825 483 1913 ἔχων
501 1820 563 1914 τὴν
581 1823 741 1914 κεφαλήν,
764 1821 783 1892 ὁ

251 1931 284 2003 ‹i'
303 1927 505 2021 ἐπιβεβηκώς
541 1927 633 2020 αὐτῷ
670 1942 782 2000 καθει-

206 2056 239 2110 15
250 2037 317 2121 κως
335 2035 375 2109 τό
394 2040 431 2108 ἓν
448 2038 542 2127 γόνυ,
564 2049 613 2126 τῷ
633 2035 666 2107 δ’
681 2038 783 2128 ἑτέρῳ

249 2153 330 2217 ποδὶ
361 2150 416 2216 ἐπὶ
447 2142 507 2237 τὴν
539 2142 688 2237 κεφαλὴν
715 2148 783 2215 lae-

250 2260 388 2339 βαίνων,
414 2249 476 2344 τὴν
500 2257 536 2321 δὲ
560 2249 671 2338 δεξιὰν
691 2271 783 2342 χεῖρα

249 2364 420 2443 ἐκτείνων,
448 2363 484 2428 ἐν
506 2353 527 2448 ᾗ
554 2355 593 2428 τὸ
622 2359 783 2448 ῥόπαλον,

248 2464 294 2549 ὡς
320 2473 462 2551 παίσων,
493 2477 533 2554 τῇ
565 2463 597 2535 ‹i'
621 2463 782 2554 εὐωνύμῳ

205 2590 239 2642 20
246 2582 330 2666 χειρὶ
352 2572 414 2666 τὴν
436 2583 576 2665 λεοντῆν
594 2581 781 2662 περιβεβλη-

247 2683 354 2770 μένος.

285 2787 367 2878 Ἔχει
401 2786 433 2858 δ’
461 2786 599 2878 ἀστέρας
635 2789 690 2856 ἐπὶ
724 2797 782 2878 τῆς

247 2905 391 2988 κεφαλῆς
409 2892 562 2986 λαμπρὸν
572 2896 613 2979 α’,
632 2896 686 2964 ἐπὶ
704 2903 780 2984 βρα-

244 3009 358 3092 χίονος
375 3009 484 3089 δεξιοῦ
502 3002 655 3091 λαμπρόν
670 3001 715 3085 α’,
729 2997 781 3087 ἐφ’

202 3124 237 3178 ‘25
248 3110 414 3201 ἑκατέρων
438 3107 540 3198 ὤμων
558 3108 712 3198 λαμπρόν
736 3107 781 3190 α’,

246 3214 314 3308 (ἐπ’
337 3215 488 3305 ἀγκῶνος
515 3217 575 3303 α’),
603 3212 655 3285 la'
678 3211 780 3303 ἄκρας

244 3325 353 3414 χειρός
372 3325 417 3408 α’,
441 3319 493 3410 ἐφ’
508 3323 664 3412 ἑκατέρας
685 3323 779 3411 λαγό-

246 3459 304 3512 νος
328 3432 372 3514 α’,
399 3430 632 3519 λαμπρότερον
656 3433 691 3498 δὲ·
718 3424 779 3498 τὸν
848 3498 850 3502 ,

236 3685 247 3724 ι
277 3662 308 3722 ἐν
329 3661 418 3738 ἀγῶνι
445 3665 544 3734 scripsi
571 3664 639 3720 conl.
664 3662 791 3735 Ημρίιιοι
819 3657 945 3734 ἐναργῶς
972 3663 1042 3719 inlici.

200 3753 457 3827 οπεριειλημένοςι
475 3751 708 3825 περιειλημμένος
727 3754 795 3807 citri
815 3769 885 3809 corr.
904 3753 1041 3808 Struoioa.

200 3865 213 3902 ο
240 3842 333 3901 αὐτῶν
361 3845 427 3900 acici.
452 3844 684 3899 Wilomowileios.
721 3860 733 3898 ι
761 3843 893 3897 lacunam
919 3844 1043 3913 aanor&

202 3953 266 3990 nom
289 3941 313 3989 ct
332 3934 504 4002 Pooyoeidis
524 3934 625 3987 mentm
648 3931 788 3986 intercidit
811 3937 836 3987 et
859 3931 946 3986 draco
968 3950 1041 3986 οιιιι-

200 4041 285 4092 qoam
307 4024 448 4078 dormiisse
471 4023 561 4076 dictus
583 4027 655 4090 crot,
679 4027 711 4076 ut
734 4037 768 4075 coe
790 4022 913 4075 onmium
934 4023 1041 4076 tertium

201 4130 334 4168 ιοιιικκειι
357 4113 533 4181 perspicitur.
562 4125 634 4178 quoe
656 4113 688 4164 ia
711 4110 786 4164 lilerio
809 4110 938 4180 leccator
960 4112 1042 4164 verbo

201 4194 234 4272 tv
256 4203 286 4257 oc
310 4196 364 4257 inlr
383 4191 471 4272 Ἥρας
494 4197 531 4255 δι’
552 4196 621 4255 αὐτὸ
645 4205 728 4255 τοῦτο
752 4197 936 4270 τεταγμένος,
965 4189 1042 4264 ὅπως

199 4287 420 4363 ἀνταγωνίζηται
455 4294 495 4363 τῷ
522 4285 657 4360 Ἡρακλεῖ
686 4289 785 4357 deleri·
819 4306 887 4344 rom
918 4289 1041 4344 obeurdo

198 4387 264 4435 meret
285 4396 374 4449 ικριιι
396 4380 474 4449 opaci
497 4393 660 4447 quemquem
682 4380 791 4433 tertiam
813 4379 949 4448 locontur.
986 4396 1039 4435 ee

197 4471 334 4541 μεγίστου
363 4469 464 4523 addidi
489 4468 559 4522 conl.
586 4468 666 4522 ectol.
692 4468 781 4522 Germ.
803 4468 864 4522 BP.
901 4485 934 4524 11.
954 4485 979 4523 ιι
1006 4463 1038 4521 τὸ

200 4556 325 4614 Εἴδωλον
347 4564 502 4627 coepertum
525 4573 559 4612 oc
580 4558 698 4624 sortomc
720 4573 755 4612 eo:
777 4557 863 4611 Arcti
887 4575 911 4611 ο.
932 4559 967 4610 64
995 4558 1038 4609 in·

198 4650 368 4719 terpolotum.
415 4665 448 4703 11.
468 4664 494 4703 ιο
521 4641 679 4710 καθεικώςε
705 4642 844 4711 τεθεικώς
871 4647 939 4700 tari.
968 4661 1037 4699 corr.

198 4737 334 4793 Struoius.

232 4846 257 4884 ιτ
281 4824 327 4882 lul
350 4832 414 4883 onte
434 4827 585 4900 βραχίονος
604 4823 711 4880 addidi.
748 4842 774 4881 ιο
797 4819 842 4879 ἐπ’
861 4820 990 4896 ἀγκῶνος
1013 4820 1038 4879 α’

197 4917 309 4985 odelini,
333 4919 409 4985 quod
431 4918 553 4987 leoeruot
570 4916 701 4986 Ημριιιιιε
721 4916 934 4980 Germanicioue
955 4917 1038 4968 inter·

192 5013 291 5077 proice

1154 867 1272 944 nuclea,
1299 889 1428 952 serpens
1450 868 1613 935 hortorum
1637 891 1690 935 cu·

1155 980 1220 1040 atos
1255 976 1424 1041 immensae
1463 978 1690 1061 magnitudinis
1721 986 1740 1040 5

1155 1083 1366 1166 insomniisque
1397 1082 1501 1148 fuisso.
1533 1087 1587 1169 qui
1619 1106 1690 1148 cum

1154 1189 1282 1254 Herculi
1327 1189 1488 1256 obstiterit
1527 1192 1689 1274 victorque

1154 1298 1288 1362 maximo
1306 1297 1444 1381 periculo
1463 1298 1614 1363 Hercules
1632 1297 1688 1363 ab·

1155 1405 1237 1481 ierit*
1256 1403 1339 1469 Iovis
1362 1404 1445 1470 hunc
1464 1404 1606 1470 laborem
1624 1427 1688 1470 me-

1154 1513 1271 1576 moriae
1298 1511 1429 1594 dignum
1460 1513 1625 1577 honoravit
1656 1519 1689 1577 et
1701 1522 1738 1574 10

1153 1625 1301 1702 utrosque
1323 1617 1479 1682 sideribus
1502 1619 1619 1695 intulit,
1642 1620 1689 1684 ita

1152 1730 1188 1788 ut
1214 1725 1247 1788 in
1274 1725 1443 1790 certamine
1469 1724 1557 1790 fuere
1580 1746 1688 1790 eorum

1152 1830 1291 1896 habitus:
1321 1833 1475 1916 serpentia
1503 1839 1598 1915 caput
1620 1853 1688 1896 ere-

1152 1941 1248 2015 ctum,
1284 1938 1450 2004 Herculem
1482 1961 1575 2023 super
1606 1961 1689 2023 genu

1150 2051 1353 2126 prementem,
1375 2047 1475 2111 altero
1494 2047 1575 2131 pede
1593 2052 1688 2131 eaput
1700 2056 1737 2109 15

1150 2151 1333 2231 calcantem,
1356 2154 1468 2218 dextra
1495 2175 1589 2218 manu
1616 2175 1689 2218 cum

1150 2258 1237 2324 olava
1263 2267 1397 2338 exrema,
1428 2260 1557 2325 sinistra
1588 2260 1688 2325 leonis

1150 2367 1230 2448 pello
1253 2367 1409 2432 obvoluta

1363 2686 1389 2736 p.
1409 2671 1451 2732 οι,
1477 2670 1517 2721 11.

1193 2793 1296 2857 llabet
1327 2793 1435 2858 stellas
1467 2794 1498 2856 in
1531 2793 1634 2875 capite
1661 2793 1688 2870 I,

1149 2900 1180 2962 in
1208 2899 1335 2964 brachio
1359 2900 1390 2977 Ι,
1418 2901 1450 2964 in
1477 2900 1594 2964 umeris
1622 2901 1689 2964 sin·

1149 3006 1236 3089 gulas
1268 3007 1381 3083 claros,
1413 3007 1446 3072 in
1474 3007 1603 3072 sinistro
1630 3028 1686 3072 cu-

1148 3112 1215 3176 bito
1234 3113 1257 3191 1,
1278 3115 1310 3177 in
1329 3116 1398 3198 ipsa
1415 3134 1510 3178 mauu
1529 3112 1553 3188 Ι,
1576 3114 1608 3176 iu
1627 3114 1685 3179 ilio
1697 3125 1735 3178 25

1147 3225 1280 3303 utroque
1294 3220 1317 3295 I,
1330 3221 1494 3285 clariorem
1509 3220 1541 3282 in
1555 3221 1688 3285 sinistra

1147 3333 1249 3410 parte,
1286 3330 1317 3391 iu
1350 3329 1461 3393 dextro
1492 3325 1610 3391 femore
1642 3326 1688 3402 ΙΙ,

1147 3432 1202 3498 ἐπὶ
1224 3430 1366 3518 γόνατος
1390 3434 1413 3512 Ι,
1436 3437 1468 3498 in
1484 3426 1578 3499 'crure
1596 3435 1688 3511 duos,

1183 3681 1194 3720 ι
1213 3663 1351 3719 obstiterit
1368 3668 1399 3735 βε
1423 3665 1566 3719 obstiteret
1584 3665 1619 3718 B.
1642 3665 1735 3720 obsti·

1149 3760 1220 3808 terat
1237 3753 1269 3808 P.
1306 3772 1326 3808 a.
1342 3770 1355 3809 o
1373 3752 1482 3818 abierit,
1501 3754 1584 3808 Iovia:
1609 3754 1644 3808 eb
1666 3756 1735 3811 Iove

1147 3843 1217 3896 lelcri.
1246 3860 1315 3896 corr.
1339 3846 1364 3914 β.
1402 3861 1427 3898 ιο
1451 3843 1607 3898 honoravit:
1631 3843 1737 3913 leyitne

1148 3929 1280 4001 ἐτίμησεῖ)
1298 3950 1331 3988 ιι.
1343 3938 1500 3987 umectum
1511 3931 1735 3989 Senaobacaiue.

1147 4021 1200 4075 iem
1223 4021 1360 4074 defectum
1384 4021 1452 4074 lollri.
1494 4036 1520 4077 ιι
1544 4020 1632 4075 altero
1656 4022 1734 4091 pede

1147 4116 1230 4179 caput
1247 4114 1273 4181 β.
1302 4110 1398 4164 altero.
1426 4109 1459 4162 dc
1479 4116 1563 4178 capnt
1580 4109 1616 4164 B.
1639 4110 1736 4165 altero

1146 4206 1230 4269 caput
1252 4200 1282 4252 P.
1324 4216 1357 4255 ιο.
1373 4215 1397 4254 ιι
1421 4215 1482 4252 cum
1506 4198 1585 4253 clava
1608 4205 1734 4265 exserta,

1146 4287 1257 4342 sinistra
1293 4287 1483 4356 Kieeeliarsios.
1525 4287 1605 4341 clava
1641 4290 1734 4353 tenta,

1146 4377 1257 4431 sinistra
1279 4380 1305 4447 β.
1334 4377 1411 4432 cleve
1434 4377 1532 4430 dextra
1557 4375 1671 4429 sinistra
1695 4375 1734 4431 B.

1146 4466 1222 4520 cleve
1241 4465 1356 4520 sinistre
1374 4465 1406 4518 P.

1180 4572 1206 4611 11
1237 4555 1332 4609 stellas
1364 4555 1476 4622 ecripei:
1514 4553 1625 4608 stellam
1658 4552 1735 4609 latri

1143 4660 1212 4702 aare
1231 4645 1259 4699 in
1282 4642 1330 4697 ilio
1353 4650 1467 4712 utroquo
1486 4646 1513 4713 β.
1537 4643 1587 4697 ille
1610 4647 1735 4712 utraque

1144 4736 1178 4789 B.
1196 4734 1245 4788 ilia
1258 4740 1374 4801 utraque
1390 4733 1421 4786 P.
1451 4749 1477 4787 re
1496 4731 1590 4788 lato.
1611 4749 1633 4785 ε.
1672 4747 1698 4787 ιιι
1721 4733 1735 4787 1

1146 4824 1211 4876 ιιιΙιΙ.
1232 4843 1253 4877 ι.
