3894 5708
326 364 427 419 Senon.
446 362 539 419 Gm.
560 365 592 418 G.
612 382 637 433 p.
659 366 718 427 144,
737 366 780 418 ⁶22.
1226 366 1356 418 Humana
1376 366 1410 427 ΙΙ,
1432 367 1471 419 19.
1658 366 1719 431 127

268 540 371 625 Super
389 546 484 624 caput
498 542 615 626 quippe
629 542 740 607 arietis
754 563 816 606 non
831 543 923 625 longe
1022 543 1090 607 Hoc
1108 543 1204 617 sidus,
1223 543 1305 626 quod
1325 548 1362 606 ut
1379 543 1488 607 littera
1502 549 1550 608 est
1563 564 1677 627 gruem
1765 543 1833 598 XX

221 646 265 711 ab
291 646 496 712 Andromeda
521 649 647 713 adiacet
674 651 812 732 signum,
839 650 924 731 quod
977 651 1010 712 in
1024 648 1183 731 triangulo
1198 651 1311 732 posita,
1325 651 1371 713 ita
1385 649 1577 731 adpellatur3
1592 651 1677 734 quod
1729 630 1869 686 mm·

224 751 338 819 Graeci
357 754 398 819 ob
416 754 657 819 similitudinem
676 755 780 820 deltae
797 755 924 819 litterae
977 754 1152 821 Mercurius
1171 777 1267 838 supra
1285 762 1379 839 eaput
1392 756 1511 821 Arietis
1530 758 1677 822 statuisse

223 860 377 937 deltoton,
391 860 506 924 Latini
520 862 557 926 ob
561 863 794 941 proprietatem
802 861 924 940 formae
977 863 1176 926 existimatur
1198 862 1280 939 idae,
1302 868 1338 925 ut
1361 862 1536 927 obscuritas
1560 865 1677 928 Arietis

195 966 423 1049 elmonpulum
445 972 567 1031 vocant.
614 969 699 1051 quod
723 967 852 1051 quidam
874 967 922 1032 fa·
977 969 1070 1033 huius
1093 970 1269 1051 splendore,
1292 991 1355 1051 quo
1378 970 1446 1033 loco
1465 975 1557 1046 esset,
1579 972 1676 1052 signi-
1704 981 1721 1031 5

224 1071 334 1137 bulose
371 1094 392 1137 a
423 1072 497 1138 Iove
528 1095 585 1157 per
617 1073 808 1137 Mercurium
841 1074 924 1145 iuter
977 1074 1134 1151 licaretur,
1153 1082 1184 1140 et
1202 1075 1286 1140 lovis
1303 1077 1439 1152 nomine,
1461 1096 1572 1160 graeco
1591 1072 1676 1152 Διός,

222 1180 468 1263 compositum
490 1185 612 1262 putant.
976 1182 1112 1263 primam
1133 1182 1272 1246 litteram
1295 1182 1487 1248 deformaret

268 1283 404 1361 Quidam
428 1307 501 1351 vcro
524 1294 655 1370 propter
679 1288 813 1370 Aegypti
837 1288 922 1369 posi·
1022 1287 1172 1352 Nonnulli
1186 1288 1300 1371 Aegyti
1313 1290 1516 1371 positionem
1535 1289 1599 1364 alii,
1614 1312 1676 1370 qua

222 1390 350 1467 tionem,
373 1393 424 1456 cui
447 1393 558 1458 dicunt
576 1393 682 1458 Nilum
706 1394 803 1457 talem
822 1393 922 1457 ambi·
977 1393 1067 1458 Nilus
1085 1396 1271 1459 terminaret
1286 1395 1487 1477 Aethiopiam
1505 1401 1538 1457 et
1553 1396 1675 1478 Acgyp-

177 1501 291 1560 lotum
313 1496 425 1563 lacere.
978 1506 1054 1576 tum,
1077 1502 1233 1566 dixerunt
1686 1510 1721 1562 10

267 2453 374 2519 Habet
391 2460 497 2518 autern
516 2456 624 2521 stellas
643 2462 717 2532 trec,
740 2457 772 2519 in
792 2457 923 2537 singulis

168 2570 208 2622 ‘20
222 2559 368 2626 videlicet
386 2561 509 2644 angulis
528 2562 677 2645 singulae,
696 2584 791 2627 unam
810 2564 923 2627 ceteris

221 2666 477 2749 splendidiorem.

210 2877 225 2914 o
248 2875 265 2912 a
288 2861 351 2913 lore
375 2855 432 2914 ἀπὸ
457 2856 530 2925 Διός.
572 2878 622 2930 per
646 2862 828 2916 Mercurium:
858 2864 921 2932 lepit
1011 2863 1092 2917 aalii
1111 2866 1145 2929 cf.
1170 2882 1199 2932 p.
1220 2868 1268 2933 91,
1288 2869 1332 2918 21.
1359 2869 1426 2933 103,
1446 2868 1479 2919 2.-
1506 2865 1622 2920 indlcari
1642 2866 1717 2919 Bur-

170 2944 208 3001 ‹la‘
226 2942 340 3016 Ἑρμοῦ,
359 2954 392 3002 ul
409 2949 491 3003 schol.
510 2950 592 3002 Arar.
975 2953 1074 3006 marrus
1093 2952 1259 3007 (labilitatem
1281 2971 1346 3023 quia:
1367 2954 1438 3022 qnod
1457 2953 1490 3007 R.
1528 2973 1548 3009 o.
1560 2973 1585 3009 ro
1604 2955 1717 3009 Aethio-

975 3038 1048 3107 piam
1069 3056 1130 3094 ease
1149 3041 1279 3095 dixerunt
1298 3050 1381 3111 atque
1400 3045 1556 3110 Aegyptum
1582 3043 1610 3096 V.
