3894 5708
310 1671 410 1726 Scnon.
431 1668 522 1724 ozan.
542 1669 573 1724 G.
593 1687 619 1741 p.
640 1671 698 1735 112,
718 1670 743 1725 Β.

246 1849 374 1914 Helicen
405 1856 510 1913 autem
543 1851 620 1914 ‹lieit
649 1851 803 1915 Hesiodus
833 1852 892 1935 lly-

1201 1672 1332 1727 Hramns
1350 1673 1385 1733 11,
1406 1675 1428 1730 1.

991 1851 1080 1915 llnnc
1111 1858 1216 1916 antem
1243 1851 1398 1917 Hesiodus
1429 1855 1476 1917 ait
1506 1854 1638 1919 Callisto

1754 1857 1778 1910 Ι.

199 1957 307 2021 neonis
325 1954 422 2020 filiam
441 1955 544 2022 luisse.
563 1978 643 2040 quac
661 1981 730 2023 cum
749 1959 782 2023 in
797 1958 892 2022 Arca
945 1958 1070 2021 nomine
1100 1957 1253 2042 Lycaonis
1284 1957 1383 2023 filiam
1415 1961 1481 2024 eius
1517 1963 1571 2045 qui
1606 1962 1639 2026 in
1727 1944 1799 1999 tirso

199 2064 256 2128 dia
272 2062 432 2129 habitaret
456 2068 488 2127 et
511 2087 580 2128 eum
599 2064 702 2130 Diana
718 2064 892 2130 venationis

199 2190 296 2235 (ausa
330 2171 362 2233 iu
400 2170 558 2235 mentibus
589 2178 670 2236 esset
705 2179 737 2236 et
768 2193 788 2236 a
818 2171 891 2236 Iove

166 2278 318 2342 inviolata
339 2298 406 2341 rem
424 2278 542 2342 celaret
561 2276 689 2355 Dianae,
712 2279 745 2342 in
767 2279 891 2343 lavacro

196 2391 325 2468 partum
352 2385 529 2450 accelerans
556 2383 598 2449 ab
625 2406 662 2449 ea
689 2386 891 2468 deprehensa,

198 2491 277 2573 quia
298 2490 416 2557 factum
438 2491 564 2569 celavit,
590 2491 694 2557 bestia
715 2491 784 2556 fieri
807 2492 891 2557 iussa

198 2604 250 2662 est
272 2602 305 2662 et
326 2620 437 2682 parere
460 2601 642 2676 Arcturum,
664 2621 755 2683 quem
778 2606 891 2667 vocant

196 2704 361 2770 Arcadem.

142 3897 186 3950 20
245 3883 376 3967 Amphis
402 3889 507 3949 autem
537 3884 613 3950 dicit
641 3886 745 3951 lovem
772 3885 893 3951 Dianae

196 3990 420 4055 adsimulatum
452 4014 522 4055 cum
558 4014 596 4056 ca
630 3993 728 4058 coisse
759 3999 791 4058 et
823 4015 892 4058 eam

188 4328 239 4364 nr
259 4316 320 4376 pon
339 4311 485 4381 Lycaonis:
504 4311 577 4379 regis
595 4312 623 4366 S.

946 2064 1083 2129 Arrnrlia
1099 2064 1250 2148 regnavit,
1274 2086 1404 2152 eamque
1422 2068 1527 2134 studio
1545 2090 1637 2134 vena·

945 2171 1040 2237 tionis
1066 2171 1226 2236 inductam
1252 2172 1294 2237 ad
1317 2173 1451 2239 Dianam
1478 2195 1511 2239 se
1537 2176 1637 2260 adpli-

945 2280 1058 2355 cuisse,
1094 2299 1116 2340 o
1147 2299 1213 2362 qno
1247 2299 1313 2343 non
1347 2280 1544 2346 niediooriter
1574 2303 1638 2347 csse
1665 2292 1681 2345 5

945 2385 1091 2450 dilectoni
1108 2390 1241 2468 propter
1259 2388 1425 2470 ntrinsqne
1449 2389 1637 2454 consimilem

943 2497 1104 2559 notnrorn
1138 2499 1247 2576 postea
1269 2499 1373 2559 autem
1395 2494 1436 2559 ab
1460 2496 1532 2561 Iove
1555 2518 1636 2561 oom-

943 2622 1083 2687 pressam
1111 2600 1242 2666 veritam
1269 2602 1388 2667 Dianae
1416 2622 1506 2668 suum
1533 2604 1637 2668 dicore

945 2714 1100 2784 eventum,
1141 2708 1244 2790 quoad
1285 2709 1403 2775 diutius
1439 2711 1540 2776 celare
1575 2733 1637 2776 nou

945 2814 1055 2899 potuit.
1087 2836 1161 2879 nam
1188 2814 1250 2880 iam
1283 2821 1372 2881 utero
1404 2816 1637 2900 ingravescente
1650 2829 1681 2881 10

943 2941 1041 3006 prope
1068 2921 1152 2985 diem
1178 2927 1288 3005 partus
1315 2923 1348 2986 in
1375 2921 1502 2988 flumine
1524 2946 1637 3010 eorpus

944 3029 1164 3094 maritatione
1190 3028 1344 3109 &fessam
1375 3051 1445 3096 cum
1472 3037 1637 3108 recrearet,

944 3158 963 3201 a
990 3137 1092 3201 Diana
1119 3136 1244 3219 cognita
1271 3143 1320 3201 est
1349 3158 1410 3201 nou
1439 3159 1637 3204 conservasse

944 3243 1165 3324 virginitatem.
1188 3245 1240 3308 oni
1263 3245 1322 3308 deo
1341 3266 1402 3326 pro
1419 3245 1637 3328 mestitudine

944 3350 1133 3431 suspicionis·
1150 3371 1215 3414 non
1232 3354 1382 3415 minorent
1401 3353 1545 3416 retribuit
1561 3363 1681 3432 poc-15

944 3478 1027 3521 otoni.
1061 3461 1167 3537 crepta
1199 3460 1281 3521 cnint
1308 3458 1389 3539 focio
1420 3459 1573 3541 cirninoli
1604 3460 1635 3524 in

944 3585 1036 3630 ursae
1050 3563 1183 3648 speeiem
1198 3572 1246 3630 ost
1260 3586 1416 3642 conversa,
1435 3587 1516 3648 qnoo
1529 3587 1638 3649 macco

945 3664 1067 3756 ἄρκτος
1090 3671 1281 3752 odpctlotnr.
1316 3674 1348 3737 in
1376 3693 1413 3737 oa
1440 3671 1542 3756 figura
1568 3695 1636 3738 cor-

944 3779 1029 3863 poris
1057 3778 1181 3844 Arcada
1207 3781 1390 3862 procreavit.
1436 3781 1504 3855 sed,
1531 3784 1568 3844 ut
1590 3781 1637 3844 ait

945 3885 1076 3970 Amphis
1098 3886 1328 3951 comoediarum
1351 3885 1494 3970 scriptor,
1517 3886 1681 3970 Iupiterto

944 3993 1107 4060 simulatus
1135 3992 1270 4077 effigiem
1293 3992 1424 4071 Diniae,
1450 4014 1520 4060 eum
1542 3993 1636 4080 virgi·

945 4314 1133 4369 Tnsmuorun:
1166 4315 1307 4383 exscripsit
1335 4315 1447 4369 sentos
1476 4315 1565 4384 Georgi
1587 4315 1608 4368 I
1626 4318 1681 4369 138

1122 4420 1149 4471 p.
1168 4407 1222 4456 193
1240 4404 1322 4458 Lion.
1341 4406 1372 4457 in
1391 4405 1484 4459 adnot.

978 4510 1032 4549 aa
1060 4509 1135 4546 sunm
1158 4524 1188 4532 -
1208 4500 1334 4547 eventum
1363 4493 1381 4547 i.
1405 4511 1428 4548 e.
1455 4490 1485 4547 tir
1514 4488 1680 4560 σύμπτωμα.

945 4583 1032 4650 qrroad
1060 4583 1170 4649 scrinei:
1198 4583 1268 4651 qnod
1297 4582 1366 4635 lutri.
1413 4600 1438 4637 ro
1461 4582 1680 4651 ingravescente:

944 4671 1143 4726 intumescente
1167 4669 1197 4724 V.
1243 4688 1267 4725 u
1295 4687 1381 4741 prope
1405 4671 1477 4726 diem
1502 4679 1596 4741 partus
1622 4672 1639 4726 i.
1659 4688 1680 4725 e.

945 4757 1083 4823 tntroxoc.
1125 4777 1150 4815 m
1170 4774 1357 4814 conservasse:
1380 4776 1503 4816 servasse
1531 4761 1560 4815 V.
1588 4760 1680 4818 obser·

945 4865 1023 4907 vasso
1043 4848 1075 4905 (ι’.
1115 4866 1146 4909 lo.
1163 4865 1188 4905 ao
1210 4856 1239 4905 ut
1258 4848 1374 4922 Amphis
1394 4867 1416 4905 c.
1436 4867 1456 4904 s.
1476 4850 1543 4905 dicit
1564 4850 1595 4907 lt.

1433 5100 1470 5160 ,ι’

1715 2036 1810 2089 ntnior.
