3894 5708
228 343 272 408 60
343 383 345 388 ,
395 344 543 399 Εενετωια.7

781 348 880 402 Senon.
891 350 979 402 Amr.
994 365 1017 402 v.
1029 349 1072 403 45.
1086 364 1112 417 p.
1122 348 1165 413 57,
1175 349 1199 402 2.
1315 349 1415 402 Senon.
1425 347 1517 402 Grau.
1530 348 1583 403 BP.
1598 364 1625 418 p.
1635 349 1678 413 60,
1693 349 1717 402 6.

118 520 179 574 ΙΙΙ.
320 513 425 602 Οὗτός
448 523 538 591 ἐστὶν
562 519 580 591 ὁ
602 525 701 611 μέγας
843 520 936 592 Καθ’
951 523 1083 612 ἑτάρους
1098 527 1134 593 δὲ
1152 520 1170 592 ὁ
1185 519 1227 593 τά
1324 528 1384 593 Hie
1418 533 1467 592 est
1501 527 1710 611 amplissimus

88 603 213 679 Δράκων.

271 653 307 695 τε
340 634 397 696 καὶ
429 626 475 697 δι’
502 626 701 720 ἀμφοτέρων
791 638 884 720 ,μῆλα
931 630 1113 717 φυλάσσων
1156 641 1227 698 τῶν
1280 636 1364 700 inter
1399 641 1548 719 utrosque
1585 641 1710 719 septen·

272 745 342 802 τῶν
365 732 509 824 Ἄρκτων
525 752 527 757 ’
541 743 699 826 κείμενος.

272 843 400 930 λέγεται
428 847 462 911 δὲ
496 842 579 912 εἶναι
612 839 630 913 ὁ
658 840 701 914 τά

245 962 262 1016 5
270 950 392 1038 χρύσεα
409 960 494 1041 μῆλα
508 951 701 1038 φυλάσσων,

272 1052 339 1126 ὑπὸ
368 1061 404 1126 δὲ
422 1054 618 1147 Ἡρακλέους
645 1055 700 1128 άν-

272 1170 428 1254 αιρεθεὶςΙ
455 1159 483 1255 ᾧ
502 1171 558 1235 καὶ
576 1168 612 1234 ἐν
631 1182 701 1248 τοῖς

272 1269 404 1362 ἄστροις
422 1272 512 1358 τάξις
534 1272 639 1365 ἐδόθη
659 1270 701 1342 δι’

264 1373 376 1468 Ἥραν,
428 1372 448 1469 ἢ
498 1382 699 1472 κατέστησεν

229 1500 261 1552 10
272 1480 376 1554 αὐτὸν
404 1487 458 1554 ἐπὶ
489 1502 561 1567 ταῖς
589 1483 699 1556 Ἑσπε-

270 1597 336 1680 ρίσι
350 1591 483 1678 φύλακα
495 1603 567 1662 τῶν
575 1592 698 1684 μήλων.

274 1699 460 1790 Φερεκύδης
494 1699 557 1788 γάρ
589 1720 700 1789 φησιν,

272 1801 328 1873 ὅτε
373 1807 524 1894 ἐγαμεῖτο
564 1802 585 1897 ἡ
619 1801 700 1895 Ἥρα

270 1909 337 1982 ὑπὸ
384 1912 473 1997 Διός,
522 1913 700 2003 φερόντων

229 2034 261 2087 15
271 2016 355 2108 αὐτῇ
385 2031 456 2089 τῶν
486 2032 580 2090 θεῶν
608 2026 699 2111 δῶρα

269 2122 330 2218 τὴν
350 2135 420 2219 Γῆν
443 2129 557 2198 ἐλθεῖν
579 2132 698 2218 φέρου-

271 2256 332 2304 σαν
363 2230 406 2304 τὰ
440 2236 562 2325 χρύσεα
597 2244 696 2326 μῆλα

794 736 1003 827 (Εσπερίδων.

270 2344 409 2411 ἰδοῦσαν
441 2346 476 2411 δὲ
511 2338 573 2434 τὴν
598 2336 699 2432 Ἦραν
782 2366 785 2373 ’

270 2448 440 2537 θαυμάσαι
488 2453 544 2518 καὶ
593 2450 698 2517 εἰπεῖν

225 2566 517 2642 λοκαταφντεῦσαι
556 2558 602 2637 εἰς
636 2550 699 2625 τὸν

269 2673 339 2732 τῶν
374 2672 469 2734 θεῶν
505 2675 625 2755 κῆπον,
662 2656 698 2745 ὃς

268 2761 310 2860 ἦν
342 2764 433 2860 παρά
465 2782 513 2860 τῷ
541 2767 696 2840 Ἄτλαντι.

269 2873 344 2962 ὑπὸ,ἱ
378 2881 414 2948 δὲ
457 2887 528 2947 τῶν
568 2880 698 2947 ἐκείνου

269 2988 454 3074 παρθένων
470 2981 521 3055 άεὶ
540 2981 698 3074 ὑφαιρου·

225 3106 260 3160 25
268 3097 381 3181 μένων
393 3103 463 3163 τῶν
477 3091 591 3184 μήλων
605 3095 698 3161 κατέ-

270 3221 366 3292 στησε
386 3201 519 3288 φύλακα
536 3195 599 3269 τὸν
618 3196 698 3285 ὄφιν

269 3303 477 3399 ὑπερμεγέθη
497 3304 587 3376 ὄντα.
611 3309 697 3394 μέγι·

269 3437 350 3484 στον
383 3419 417 3484 δὲ
453 3415 517 3503 ἔχει
554 3429 696 3505 σημεῖον.

218 3518 223 3530 ’
269 3523 430 3591 ἐπίκειται
450 3525 486 3590 δὲ
505 3516 697 3609 αὐτῴἩρα-

190 3689 194 3695 ,
225 3643 260 3696 30
269 3631 386 3708 κλέους
427 3631 577 3711 εἴδωλον,
616 3624 696 3696 ὑπό-

267 3763 377 3825 μνημα
395 3746 457 3805 τοῦ
475 3731 605 3823 άγώνος
623 3729 698 3814 Διὸς

269 3845 391 3924 θέντος
458 3843 698 3931 ἐναργέστατον

269 3963 309 4038 τῇ
332 3953 581 4040 σχηματοποιίςι.

260 4204 286 4242 ιο
304 4181 352 4241 tut
364 4178 574 4252 ταῖςἜσπερλοι
586 4182 698 4250 scopam

224 4291 320 4343 aaape
336 4279 370 4329 at
386 4271 463 4326 mala
485 4273 519 4326 ab
536 4271 696 4340 Hesperidi-

224 4365 274 4418 bus
292 4361 448 4418 custodiret.
473 4357 519 4415 ἐπὶ
537 4364 586 4429 τῆς
599 4352 697 4414 Ἑσπέ-

225 4472 276 4524 ρας
307 4457 359 4506 aat
390 4446 436 4505 ἐπὶ
460 4443 599 4520 Ἑσπέρας
626 4450 696 4504 labri.

225 4538 271 4596 ἐπὶ
295 4534 461 4610 Ἑσπερίδας
486 4537 697 4609 Βαολιοκάμνο.

224 4647 250 4688 aa
268 4631 444 4698 καταστῆσαι
462 4626 653 4696 Koppiersiaa

1279 742 1397 808 triones
1428 741 1549 808 medius
1580 744 1709 826 positus.

1279 849 1333 932 qni
1373 853 1504 933 putatur
1548 851 1710 916 hortorum

1279 956 1489 1040 Hesperidum
1498 963 1603 1023 custos
1613 956 1709 1022 fuisse
1739 966 1759 1020 5

1279 1068 1312 1129 et
1337 1063 1378 1128 ab
1402 1063 1536 1129 Hercule
1562 1064 1710 1130 interfoe-

1279 1176 1331 1236 tus
1357 1192 1378 1235 a
1399 1170 1518 1235 Iunone
1545 1172 1639 1237 astris
1662 1171 1710 1236 in·

1279 1278 1375 1355 latus,
1410 1300 1492 1360 quae
1523 1300 1593 1343 eum
1624 1278 1709 1343 horti

1279 1386 1327 1451 sui
1359 1386 1529 1450 eustodom'
1553 1389 1710 1468 posuerat

1279 1491 1504 1557 Eratosthenes
1527 1492 1610 1556 enim
1631 1491 1712 1558 dicit
1722 1502 1759 1555 10

1279 1621 1349 1664 oum
1373 1598 1451 1663 Iuno
1473 1598 1541 1663 lori
1567 1599 1710 1677 nuberet,

1279 1711 1406 1771 anctore
1424 1705 1611 1789 Pherecyda
1634 1706 1710 1772 deos

1279 1834 1385 1879 omues
1413 1813 1442 1878 oi
1469 1834 1599 1878 munera
1623 1819 1710 1878 attu-

1279 1920 1352 1984 lisse
1392 1924 1425 1983 et
1459 1919 1589 1986 Terram
1626 1921 1712 1986 mala

1279 2047 1376 2092 aurea
1397 2048 1467 2092 cum
1489 2027 1618 2092 ramulis
1645 2027 1711 2093 suis
1721 2038 1755 2092 15

1278 2134 1422 2199 attruisse
1457 2137 1592 2211 muneri,
1629 2155 1711 2220 quae

1278 2242 1311 2304 in
1329 2240 1431 2305 hortis
1449 2242 1513 2306 suis
1532 2240 1627 2306 inseri
1645 2241 1710 2306 ius-

1279 2347 1363 2433 serit.
1396 2369 1466 2412 eum
1497 2371 1517 2413 a
1547 2346 1621 2413 filiis
1651 2348 1709 2415 At-

1279 2454 1374 2519 lantis
1398 2476 1491 2538 saepe
1513 2461 1710 2533 vexarentur,

1279 2561 1439 2626 custodem
1447 2561 1532 2625 horti
1543 2562 1754 2627 draconemto

1278 2668 1473 2753 adposuisse,
1504 2690 1596 2753 quom
1627 2669 1709 2735 Her·

1278 2775 1362 2841 eules
1381 2775 1538 2841 occiderit.
1553 2775 1642 2842 buno
1658 2777 1709 2843 Io·

1278 2904 1347 2949 rem
1382 2882 1551 2947 memoriae
1581 2883 1710 2949 virtutis

1278 2989 1422 3055 Herculis
1431 2989 1525 3055 astris
1534 2988 1711 3056 instituisse

1279 3098 1396 3163 dieunt.
1720 3106 1758 3160 25

1323 3204 1388 3269 Alii
1408 3227 1428 3269 a
1446 3204 1627 3288 gigantibus
1649 3202 1710 3268 Mi·

1278 3332 1393 3376 nervae
1419 3310 1590 3387 obieotnm,
1616 3331 1710 3393 quem

1279 3419 1335 3483 illa
1352 3424 1530 3484 contortum
1547 3417 1634 3483 eaelo
1651 3417 1710 3481 im·

1279 3527 1400 3591 miserit
1422 3532 1455 3590 et
1480 3525 1563 3590 inter
1586 3531 1710 3610 septon-

1280 3634 1397 3698 triones
1419 3631 1634 3698 conlocaverit.
1719 3641 1758 3695 30

1331 4193 1344 4241 t
1377 4184 1449 4239 inter
1480 4191 1609 4253 utrosque
1641 4189 1758 4252 septen·

1279 4274 1381 4329 triones
1399 4275 1511 4343 scripsi:
1533 4273 1605 4328 inter
1627 4270 1759 4342 utrisque

804 4361 1036 4428 septentrionibus
1063 4362 1122 4416 BP.
1152 4363 1227 4430 qaod
1254 4365 1327 4418 tueri
1352 4363 1449 4417 ooheett
1470 4366 1491 4434 β
1512 4368 1538 4417 et
1560 4380 1582 4416 ε.
1627 4378 1640 4416 s
1668 4376 1758 4430 quae:

804 4465 884 4517 quem
906 4450 941 4503 B.
970 4449 1097 4518 quoniam
1123 4451 1154 4504 P.
1183 4468 1252 4507 corr.
1276 4452 1468 4521 Kiessliapias.
1507 4468 1533 4507 ro
1556 4450 1760 4507 Eratosthenes

804 4536 876 4592 eninr
899 4537 980 4593 dicit:
1008 4539 1076 4594 dicit
1099 4540 1170 4594 enim
1195 4541 1264 4596 labri.
1288 4558 1358 4596 σοον.
1382 4539 1577 4610 Kiessiiagias,
1604 4538 1661 4593 nisi
1682 4538 1761 4606 sorte

805 4624 935 4681 librorum
958 4627 1035 4683 lectio
1053 4629 1160 4684 taetitia
1180 4636 1206 4685 et
1223 4630 1419 4685 Eratosthenes
1435 4631 1454 4685 i.
1473 4646 1494 4684 e.
1512 4644 1654 4699 graecam,
1679 4630 1761 4698 qaod

803 4719 895 4784 vertit,
925 4717 1181 4773 Catasterismoram
1208 4721 1359 4789 memplam
1386 4718 1610 4775 subaudiendam
1637 4723 1684 4774 est.
1717 4721 1759 4787 of.

225 4809 314 4866 XIII.
352 4826 377 4865 aa
396 4810 467 4865 hunc
487 4809 536 4864 alii
554 4810 645 4863 Iovem
665 4807 734 4862 birri.
772 4826 798 4864 as
816 4806 865 4863 alii
884 4823 902 4862 a
919 4806 1076 4878 gigantibus
1094 4810 1126 4863 in
1144 4807 1220 4863 libris
1238 4811 1366 4864 omissam
1383 4809 1519 4878 supplevit
1536 4807 1759 4867 Sebaobaobiae.

224 4920 251 4957 so
265 4899 460 4955 conlocarerit:
474 4899 630 4955 conlocasse
641 4898 709 4953 libri.
726 4914 795 4953 corr.
805 4903 832 4969 β.
842 4897 974 4952 armenem
983 4913 1045 4952 eom
1054 4897 1137 4952 verba
1146 4914 1163 4953 a
1172 4897 1328 4967 gigantibus
1337 4898 1547 4967 intercidisset,
1554 4897 1761 4968 praecedentia

224 4992 242 5046 i.
257 5007 277 5045 e.
289 4991 395 5061 peioris
411 4989 525 5056 saraae
542 4988 608 5056 fiaes
621 5005 676 5058 pro
695 4988 810 5044 alterius
827 4989 908 5043 initio
925 4988 1035 5042 bottas
1052 4993 1098 5044 est.
1117 4987 1274 5044 conlocasse
1293 4987 1332 5042 aei
1350 4991 1440 5044 Iovem
1459 4989 1594 5055 referebat
1612 4988 1759 5048 tarasiae.
