3894 5708
1635 351 1678 414 26

152 530 262 610 θησαν
289 526 336 591 vel
369 526 469 592 simile
497 528 580 612 quid.
631 525 739 591 eadem
770 523 900 598 habeut
921 526 1040 591 scholia
1066 527 1184 592 Aratea
1210 528 1249 593 ad
1278 549 1304 591 v.
1330 528 1393 593 172
1420 551 1448 612 p.
1473 529 1524 605 67,
1549 529 1566 592 7
1594 521 1615 616 ἦ
1643 529 1678 594 δὲ

151 636 369 718 προσωνυμία
397 633 497 712 ἐστίν,
526 624 578 697 ὅτι
605 624 666 698 τὸν
694 628 857 698 Διόνυσον
885 624 1132 717 deceptorem·
1161 625 1238 721 ‘'ch
1261 635 1294 700 di
1321 627 1339 699 d
1362 630 1529 712 Διόνυσος.
1584 645 1680 720 atque

151 741 262 805 eodem
288 741 395 824 procul
423 741 519 806 dubio
547 746 690 824 spectant
717 741 812 804 verba
838 741 1018 824 interpretis
1047 740 1237 818 Germanici,
1264 763 1344 825 quac
1372 743 1433 806 iarn
1461 765 1556 825 supra
1580 766 1612 829 p.
1637 744 1677 808 21

151 848 192 910 ad
216 846 453 913 Catasterisnros
475 849 653 914 rettulimus
676 871 705 931 p.
731 849 781 924 75,
805 849 824 912 8
847 848 985 930 Hyadas
1008 848 1191 928 adpellaeit,
1217 850 1301 931 qnod
1324 854 1467 913 noscente
1489 850 1602 914 moero
1626 871 1680 915 ens

152 955 312 1018 evenenerit.
362 964 396 1020 at
423 978 460 1020 ex
488 955 537 1020 his
564 954 783 1039 adpellatiouis
811 976 904 1020 causa
935 977 997 1020 uou
1028 956 1228 1039 perspicitur3
1261 956 1378 1020 diserte
1405 957 1488 1020 euim
1516 957 1679 1022 dicendum

152 1067 222 1125 erat
247 1061 393 1126 Liberum
421 1063 510 1147 Hyen
541 1070 753 1145 nuncupatum
786 1083 865 1133 cssc;
898 1063 1003 1146 itaque
1035 1068 1091 1126 aut
1118 1063 1267 1127 nonnulla
1294 1062 1476 1127 exciderunt
1503 1070 1559 1126 aut
1585 1063 1681 1128 verba

152 1175 299 1251 corrupta
322 1177 402 1234 suut.
443 1169 546 1252 pergit
568 1169 708 1233 Eudocia
730 1161 750 1254 ἢ
775 1159 826 1232 ὅτι
845 1161 953 1232 ὑετῶν
972 1166 1185 1255 ἐπισημασίας
1209 1170 1380 1256 depictam
1404 1172 1512 1234 eadem
1537 1173 1567 1234 in
1592 1171 1679 1236 seho-

152 1275 204 1339 liis
227 1275 351 1341 Arateis
375 1282 406 1340 ct
428 1276 658 1341 Basilecusibus
681 1277 825 1359 legirnus3
855 1276 988 1358 denique
1012 1267 1032 1362 ἢ
1056 1271 1140 1340 διότι
1164 1283 1212 1360 τῴ
1239 1278 1270 1340 Y
1288 1280 1438 1360 στοιχείῳ
1460 1289 1681 1361 παρεμφερεῖς

153 1379 224 1445 εἰσί,
262 1383 374 1447 desunt
397 1379 529 1447 haco'in
552 1383 677 1447 scholiis
700 1382 939 1459 Besilecnsibus‚
962 1383 1017 1448 sed
1040 1378 1149 1446 extaht
1171 1383 1203 1446 in
1227 1383 1352 1447 Arateis
1375 1384 1415 1447 ad
1439 1404 1464 1446 v.
1491 1384 1553 1448 172
1576 1407 1604 1465 p.
1629 1385 1680 1459 66,

151 1489 192 1551 41
220 1486 256 1552 ἐκ
279 1496 349 1553 τιῦν
374 1485 434 1553 δύο
457 1497 615 1575 γραμμῶν
638 1497 699 1553 τοῦ
721 1491 751 1554 Υ
770 1490 946 1572 στοιχείου·
971 1486 1004 1553 al
1026 1480 1088 1573 γὰρ
1103 1482 1213 1564 ‘attoa-
1235 1497 1336 1554 τοῦτο
1355 1480 1394 1554 τι)
1415 1502 1578 1572 στοιχεῖον
1598 1481 1680 1555 ἄπο·

151 1591 348 1678 μιμούμεναι
372 1588 411 1659 τὸ
435 1592 589 1681 ταύρειον
612 1588 814 1661 ἀποτελοῦσι
836 1592 1030 1681 πρόσοιτο-ιι.
1069 1587 1121 1660 διὸ
1140 1596 1196 1660 καί
1214 1619 1302 1672 τινες
1321 1589 1436 1673 Ὑάδας
1455 1588 1556 1672 arinis
1579 1591 1681 1660 ἕαδεν

152 1695 309 1783 εἰστοαίθ)
346 1709 379 1767 et
401 1725 470 1768 cum
492 1703 650 1769 Eudoeiae
674 1709 768 1786 crepunt
790 1711 954 1785 practerea
976 1709 1078 1767 totum
1102 1725 1139 1767 ox
1158 1702 1390 1767 Catasterismis
1413 1700 1547 1780 fluxerit,
1571 1705 1681 1769 eodem

152 1807 232 1872 haec
262 1830 385 1892 quoque
413 1810 509 1875 verba
538 1811 643 1874 redire
675 1832 767 1893 quam
800 1811 935 1873 maxime
967 1817 1014 1874 ost
1041 1812 1106 1874 veri
1136 1810 1244 1874 simile.
1294 1810 1370 1892 quid
1398 1811 1481 1893 quod
1509 1811 1617 1875 eadem
1647 1813 1681 1875 iu

152 1915 279 1979 scholiis
306 1916 535 1981 Besilceusibus
567 1938 640 1982 casu
672 1925 795 1981 tautum
828 1916 1038 1989 intercidisse,
1056 1938 1094 1980 cx
1121 1916 1236 1999 Hygini
1268 1915 1444 1979 fabularum
1477 1918 1579 2000 capite
1610 1918 1681 1993 192,

152 2022 237 2103 quod
262 2024 427 2086 maximam
454 2030 574 2102 partem
597 2045 635 2088 ex
658 2023 783 2088 scholiis
811 2023 873 2086 illis
896 2023 1119 2106 interpolatum
1142 2044 1209 2088 csse
1231 2022 1367 2098 ostendi,
1393 2044 1454 2086 non
1479 2025 1583 2107 inepte
1606 2045 1681 2088 con-

152 2128 279 2193 cludere
302 2128 379 2193 mihi
398 2131 513 2195 videor.
550 2152 621 2194 nam
645 2131 708 2195 illic
730 2130 807 2214 legis
830 2153 858 2213 p.
880 2131 952 2206 122,
972 2130 1013 2193 24
1032 2129 1175 2194 Schmidt
1192 2130 1324 2209 qnidam
1343 2130 1435 2194 ιιιίιιιί
1453 2131 1488 2193 ia
1506 2131 1632 2195 erodunt
1658 2130 1689 2195 Υ

154 2236 278 2300 litterae
296 2237 436 2317 positus,
457 2238 531 2301 ιἰιιίο
554 2238 691 2317 Hyadas
714 2238 785 2301 (lici.
823 2257 902 2320 quae
925 2258 995 2300 omn
1019 2237 1065 2301 ita
1087 2237 1159 2313 sint,
1182 2237 1382 2301 totum'illud
1407 2237 1564 2302 Hudociee
1588 2243 1683 2320 caput

152 2343 238 2406 iuter
261 2342 550 2409 Carbrstcrismorum
577 2344 752 2427 fragmenta
779 2343 975 2408 referendum
1003 2365 1070 2409 esso
1098 2343 1229 2409 videtur.
1274 2365 1344 2408 oum
1371 2365 1443 2408 voro
1471 2365 1572 2425 neque
1599 2344 1683 2408 illiue

153 2457 259 2514 aetate
287 2451 424 2534 integros
452 2450 689 2527 Catasterismos
718 2451 858 2515 extitisse
887 2451 977 2515 facile
1004 2451 1190 2515 crediderim
1218 2472 1318 2533 neque
1349 2451 1409 2516 boe
1436 2457 1530 2533 caput
1556 2449 1683 2515 aliunde

153 2563 313 2639 sumptum
344 2580 411 2623 osso
442 2580 536 2640 quam
567 2566 671 2623 cetera
703 2579 782 2641 quae
813 2557 918 2622 adfert
950 2558 1244 2623 Catasterisurorum
1275 2557 1410 2622 frustula
1441 2556 1605 2640 probabile
1632 2559 1683 2634 sit,

154 2663 242 2727 illam
265 2669 297 2728 et
319 2665 418 2747 ipsam
439 2665 605 2747 Epitomeu
628 2665 734 2748 paullo
756 2657 937 2747 ampliorem
961 2665 1074 2747 legisse
1096 2672 1209 2730 statuo.

245 2770 383 2836 Tandem
405 2772 572 2855 aliquando
595 2773 685 2836 venio
708 2772 748 2836 ad
772 2772 917 2837 scholia
939 2772 1091 2849 Aratea,
1113 2792 1193 2856 quae
1215 2773 1278 2836 iam
1301 2772 1425 2853 saepius
1448 2773 1481 2836 in
1504 2780 1682 2837 transcursu

155 2879 400 2943 commemoravi.
445 2880 522 2943 satis
544 2879 661 2943 multae
685 2881 715 2942 iu
738 2879 801 2943 illis
825 2878 1025 2943 inveniuntur
1047 2878 1181 2955 fabulae,
1208 2899 1289 2961 quac
1311 2879 1351 2943 ad
1375 2878 1503 2943 verbum
1526 2881 1590 2946 fere
1613 2903 1682 2946 cum

156 2985 302 3068 Epitome
325 2986 535 3061 consentiunt3
563 3008 639 3071 quas
666 2986 805 3069 singulas
829 3007 1009 3050 enumerare
1032 2985 1110 3051 nihil
1137 2986 1265 3061 attinet,
1293 3007 1361 3049 curn
1391 2988 1473 3050 iutcr
1495 2987 1682 3053 Catasteris-

156 3116 278 3157 morum
305 3093 493 3176 Fragmenta
524 3114 630 3157 omues
663 3093 809 3157 iuvenies.
859 3093 892 3157 id
923 3099 1046 3157 tantum
1079 3115 1189 3157 nnrrreo
1221 3099 1269 3156 ter
1301 3093 1416 3157 diserte
1443 3094 1683 3160 Eratosthenem

156 3201 310 3265 nomnen
338 3201 378 3287 (v.
402 3199 465 3263 aas
497 3222 526 3283 p.
552 3178 609 3274 ιο,
627 3202 676 3265 m.
707 3223 734 3264 v.
757 3200 823 3265 eoa
849 3222 878 3283 p.
903 3199 954 3276 so,
977 3200 1028 3264 ee.
1061 3220 1086 3261 v.
1110 3200 1173 3263 ree
1202 3222 1230 3282 p.
1254 3200 1306 3275 er,
1328 3199 1373 3282 4).
1424 3201 1548 3264 noane
1579 3209 1684 3266 autem

157 3308 213 3391 qui
234 3307 312 3370 hacc
334 3307 452 3372 scholia
474 3308 653 3389 composuit,
677 3329 739 3371 non
758 3307 923 3391 Epitomcn
944 3314 1075 3383 tantum,
1098 3307 1152 3370 sed
1176 3306 1315 3389 integros
1334 3306 1572 3373 Catastcrismos
1590 3331 1684 3373 marm

157 3415 312 3478 lrabuissc.
362 3436 433 3479 nam
466 3436 545 3498 quae
574 3438 599 3477 v.
623 3415 661 3478 61
698 3438 726 3498 p.
750 3415 802 3490 60,
830 3414 959 3477 23-26
988 3415 1027 3478 dc
1056 3414 1177 3478 Arcade
1208 3419 1385 3491 narrantur,
1413 3435 1450 3478 ea
1476 3414 1539 3478 iam
1567 3415 1685 3480 dudum

157 3522 272 3604 Hygini
297 3527 328 3586 ot
350 3523 530 3605 interpretis
550 3522 726 3586 Gcnuauiei
750 3521 929 3585 testimonio
947 3519 1007 3584 nisi
1026 3521 1066 3585 ad
1086 3519 1322 3585 Catasterismos
1340 3521 1531 3596 rettulimus;
1553 3522 1686 3586 athene

157 3628 295 3692 fabulam
324 3649 422 3712 noque
450 3637 557 3694 nostra
579 3629 723 3711 Epitome
751 3627 890 3704 exhibet,
917 3648 1018 3711 neque
1046 3628 1088 3703 ci,
1116 3627 1169 3710 qui
1198 3628 1349 3711 ampliore
1372 3628 1516 3713 Epitome
1543 3627 1590 3691 usi
1619 3649 1686 3692 esse
1785 3635 1788 3641 '

158 3736 316 3812 videntur,
352 3737 523 3800 Eudeoiam
555 3736 625 3801 dico
657 3742 688 3800 ct
724 3735 913 3800 scholiorum
945 3734 1258 3817 sangermanensium
1296 3739 1467 3811 auctorem,
1503 3741 1684 3816 agnoscunt.

159 3842 277 3925 Myrtili
297 3865 420 3927 quoque
443 3843 660 3927 fragmentum,
679 3844 763 3924 quod
785 3842 904 3907 scholia
921 3841 1113 3906 Basilecusia
1135 3862 1173 3905 ex
1193 3840 1422 3906 Catastcrismis
1445 3841 1569 3905 adferre
1592 3863 1686 3924 supra

157 3949 341 4014 ‹lullitanter
363 3951 512 4034 suspicati
535 3972 649 4026 sumus,
672 3951 847 4014 cumidem
870 3949 901 4011 in
926 3948 1052 4013 scholiis
1076 3948 1201 4013 Arateis
1224 3950 1425 4025 inveniamus,
1446 3970 1472 4011 r.
1502 3949 1562 4011 172
1586 3970 1614 4032 p.
1634 3950 1687 4023 67,

163 4059 199 4121 11
231 4048 249 4120 ὃ
278 4056 313 4120 δὲ
337 4059 503 4141 Μυρτίλος
530 4049 589 4133 τὰς
611 4052 752 4140 Κάδμου
781 4054 966 4140 δογατίρας
994 4056 1048 4141 (sc.
1074 4046 1189 4132 Ὑάδας
1215 4056 1297 4140 φησὶ
1323 4053 1494 4139 γενέσθαι)
1522 4056 1583 4118 iam
1611 4055 1687 4118 illue

158 4184 280 4229 summa
302 4186 372 4228 cum
399 4162 514 4230 fiducia
540 4165 712 4228 referimus.
757 4171 791 4228 at
818 4163 984 4227 videndum
1008 4169 1070 4239 cst,
1096 4184 1135 4226 an
1161 4162 1225 4226 alia
1248 4182 1371 4246 quoque
1394 4161 1686 4225 Catnsterismoruru

158 4271 334 4354 fragmenta
362 4272 391 4335 in
420 4271 469 4336 his
497 4271 622 4337 scholiis
650 4272 777 4335 lateant.
831 4277 926 4352 atquc
953 4277 1079 4352 praeter
1107 4292 1157 4346 ca,
1189 4290 1269 4353 quae
1295 4276 1352 4332 aut
1378 4269 1524 4351 lopiano
1551 4270 1688 4332 servarit

158 4389 215 4444 aut
238 4401 276 4442 ex
297 4378 433 4461 Hygino,
460 4378 586 4443 scholiis
611 4380 642 4443 in
665 4378 898 4453 Geruuanicum,
919 4376 1061 4442 Hudoeia
1083 4377 1257 4452 elicuimus,
1285 4376 1473 4457 segmenta,
1502 4396 1594 4439 unam
1617 4382 1686 4440 tan-

158 4495 227 4550 tum
249 4487 395 4570 indagavi
417 4486 626 4561 historiolam,
649 4507 729 4567 quae
753 4486 826 4549 illuc
849 4486 952 4549 redire
974 4486 1126 4549 videatur.
1172 4490 1219 4548 est
1242 4504 1279 4547 ca
1302 4484 1340 4546 de
1366 4483 1507 4547 Dracone
1530 4484 1568 4546 ad
1594 4505 1620 4546 v.
1643 4483 1686 4546 46

159 4617 189 4678 p.
208 4594 260 4670 bl,
280 4596 297 4657 7
322 4593 456 4677 adparere
481 4592 516 4656 di·
539 4594 615 4677 περὶ
639 4599 699 4656 τοῦ
722 4588 912 4678 Λριίκοατος
935 4592 991 4656 καὶ
1009 4582 1174 4678 Κρητικὸς
1196 4598 1317 4674 μῦθος·
1343 4585 1497 4664 ίιιιδιιτος
1519 4588 1602 4653 aroris
1625 4595 1688 4652 τοῦ

159 4697 295 4787 Κριίιόυ
315 4694 333 4766 ὁ
352 4693 434 4777 Ζεὺς
452 4693 647 4785 εὐλαβηθείς
667 4692 788 4764 ἑαυτὸν
806 4700 867 4784 μὲν
887 4699 932 4775 εἰς
952 4694 1119 4784 δράκοντα
1136 4692 1382 4782 μετεμόρφωσε,
1404 4687 1464 4771 τὰς
1488 4695 1520 4759 δὲ
1540 4685 1687 4780 τροφοὺς

248 4933 281 5002 ⁶⁰)
301 4934 343 4988 lta
361 4928 423 4989 etv.
445 4931 517 5000 τινὲς
534 4931 588 5003 μὲν
607 4922 657 4990 σίν
677 4935 764 5005 φασίν
783 4950 825 4989 οτι
846 4928 889 4988 διὰ
910 4935 993 4989 τοῦτο
1013 4926 1115 4998 rariter
1129 4924 1226 4996 Ὑάδας
1245 4920 1493 4986 είπει·Βε1ιΙιειιιε.
