3894 5708
198 345 263 409 222

196 525 330 607 adparet
348 530 453 588 autem
472 524 687 589 Ptolemaeum
705 523 936 606 Hegesianacta
955 529 986 587 et
1001 522 1210 605 Hermippum
1229 543 1299 586 cum
1314 521 1412 585 Arato
1431 523 1508 586 satis
1527 522 1634 603 inepte
1653 541 1737 585 corn·

196 637 379 715 paraturum
394 630 498 708 inisse,
517 633 577 697 nisi
597 638 629 696 et
648 631 709 714 ipsi
728 630 867 695 carmina
881 630 1087 713 scripsissent.
1097 630 1124 710 ὁ)
1144 629 1220 711 quid
1236 629 1318 712 quod
1333 629 1573 711 Hegesiauactei
1589 627 1736 693 carminis

197 739 258 803 duo
277 738 414 803 frustula
432 739 481 802 vel
499 739 594 804 bodie
613 745 738 804 servata
756 759 824 803 esse
842 738 926 802 idem
944 737 1025 802 vidit
1039 736 1227 813 Meinekius3
1248 742 1357 801 extant
1377 758 1414 801 ea
1432 736 1516 818 apud
1530 734 1736 800 Plutarchum

197 846 236 910 de
263 846 343 910 facie
372 848 404 910 in
433 846 509 910 orbe
536 846 629 910 lunae
658 867 686 927 p.
710 845 776 909 920
799 845 826 908 Ε
849 850 882 909 et
904 867 932 927 p.
957 845 1079 908 921·Β.
1114 847 1147 909 in
1174 845 1283 909 eodem
1311 844 1408 926 igitur
1436 844 1574 908 carmine
1601 841 1736 917 fabulae,

196 975 328 1037 quarum
347 975 499 1021 summam
517 953 660 1037 Hyginus
681 952 807 1028 iudicat,
826 951 922 1016 latius
941 952 1100 1035 expositae
1119 958 1219 1027 eraut,
1238 951 1321 1016 uude
1340 950 1488 1016 discimus
1506 950 1737 1034 Hegesianacta

196 1061 229 1126 in
256 1061 413 1126 sideribus
441 1060 634 1143 explicandis
663 1060 703 1124 ad
732 1059 957 1142 mythologiam
986 1060 1109 1142 saepius
1136 1059 1310 1142 respexisse
1339 1081 1434 1141 quam
1462 1059 1603 1123 Aratum.
1636 1077 1737 1139 neque

197 1168 283 1232 casui
306 1167 509 1233 tribuendum
532 1189 600 1231 esso
623 1174 710 1250 puto,
733 1167 817 1248 quod
842 1187 949 1231 omncs
973 1188 1051 1249 quas
1075 1187 1113 1230 ex
1136 1165 1365 1249 Hegesianacte
1388 1167 1530 1230 norimus
1553 1164 1678 1229 fabulas
1696 1164 1737 1227 ad

197 1276 335 1340 Atticam
359 1280 517 1358 spectaut;
545 1295 618 1338 nam
641 1275 777 1356 primum
801 1273 1034 1339 Genicularium
1058 1273 1213 1339 Theseum
1240 1295 1308 1338 esse
1331 1273 1493 1339 contendit
1517 1273 1647 1355 eiusque
1670 1291 1737 1335 esse

197 1404 267 1448 cum
283 1383 437 1447 Coronam
452 1388 518 1445 tum
533 1381 656 1464 Lyram,
675 1402 755 1463 quae
770 1401 867 1464 prope
882 1386 1067 1455 cemuntur3
1085 1379 1284 1463 Ophiuchum
1298 1402 1356 1464 pro
1371 1379 1571 1445 Carnabonte
1586 1379 1739 1444 Getarum

197 1511 271 1573 rege
294 1488 414 1565 habuit,
438 1488 600 1572 Sophoclis
620 1488 767 1564 fabulam,
791 1490 841 1552 cui
865 1482 1086 1572 Τριπτόλεμος
1109 1489 1222 1552 titulus
1245 1494 1303 1563 cst,
1325 1489 1359 1550 iu
1381 1509 1473 1551 nsum
1496 1509 1586 1552 suum
1609 1508 1739 1552 conver-

197 1601 281 1673 tens;
310 1595 347 1661 cf.
371 1596 408 1660 fr.
432 1594 497 1660 543
520 1595 638 1660 Nauck.
667 1617 704 1660 ac
730 1594 864 1660 fortasse
887 1596 1073 1678 primariam
1100 1616 1223 1679 quoque
1251 1593 1391 1659 eiusdem
1419 1592 1545 1659 fabulae
1571 1614 1739 1678 personam

198 1706 280 1767 inter
308 1704 412 1768 sidera
438 1703 613 1786 indagavit,
640 1703 882 1785 Triptolemum:
914 1723 986 1766 nam
1011 1724 1080 1767 cum
1104 1701 1247 1785 Hyginus
1270 1702 1310 1766 de
1335 1702 1476 1767 Geminis
1500 1701 1618 1767 scribat
1641 1701 1673 1765 ll
1697 1699 1739 1764 22

198 1833 227 1894 p.
252 1811 304 1885 65,
330 1811 345 1872 l
375 1810 524 1873 recreabili
551 1810 646 1872 eliam
671 1808 910 1889 Triptolemum,
939 1830 1029 1889 qacm
1056 1830 1157 1889 supra
1185 1809 1339 1886 dimitrius,
1368 1813 1397 1873 et
1424 1809 1560 1874 Iasiona
1584 1833 1605 1874 a
1632 1807 1740 1873 Cerere
1784 1814 1787 1819 “

199 1917 327 1981 dilectos
349 1920 377 1980 ct
401 1916 575 1980 adsidere
593 1916 748 1995 perdulce,
772 1917 1010 1998 Hegesiauactis
1033 1916 1225 1980 senteutiam
1248 1915 1360 1980 referri
1383 1936 1447 1980 non
1469 1916 1575 1999 inepte
1599 1914 1739 1980 conicere

199 2023 277 2088 mibi
301 2023 417 2088 videor.
451 2024 626 2105 Aquarium
649 2024 784 2106 denique
808 2024 1032 2089 Deucalionem
1059 2045 1126 2088 esse
1155 2024 1249 2098 dixit,
1277 2043 1370 2105 quem
1393 2022 1534 2087 Athenas
1562 2022 1739 2104 confugisse

199 2129 305 2214 ibique
328 2135 360 2194 et
382 2130 543 2195 habitasse
567 2137 599 2194 et
621 2131 778 2214 sepultum
802 2152 869 2197 esse
892 2130 1006 2197 Granni
1030 2132 1112 2212 regis
1136 2131 1202 2194 sive
1224 2130 1359 2196 amicum
1381 2131 1446 2195 sive
1469 2136 1592 2213 patrem
1615 2129 1739 2212 saepius

200 2243 360 2314 narratur;
385 2258 412 2301 v.
436 2236 547 2302 Marm.
570 2237 641 2302 Par.
665 2238 684 2301 l.
709 2238 737 2301 6.
760 2237 894 2303 Pausan.
918 2238 933 2301 l
960 2238 1009 2314 18,
1028 2238 1047 2301 9
1072 2236 1457 2320 Apollod.11114‚6,1.
1490 2243 1630 2303 ceterum
1647 2235 1738 2319 Nigi-

200 2347 270 2409 dius
298 2367 422 2428 quoque
454 2365 535 2428 quae
567 2345 606 2409 de
634 2344 827 2409 Deucalione
859 2343 957 2410 refert
989 2344 1099 2429 (schol.
1124 2343 1228 2409 Germ.
1251 2345 1304 2409 BP
1331 2367 1359 2428 p.
1386 2344 1441 2420 85,
1463 2344 1619 2420 13-86,
1639 2342 1675 2428 3)
1703 2361 1739 2406 ex

200 2451 438 2536 Hegesianactis
466 2452 604 2516 carmine
627 2453 827 2535 exscripsisse
851 2452 984 2516 videtur.
1016 2451 1101 2515 huuc
1123 2459 1228 2516 autem
1252 2452 1483 2535 Hegesianacta
1506 2451 1640 2515 eundern
1663 2469 1739 2525 csse,

200 2559 255 2640 qui
278 2560 362 2642 apud
386 2558 576 2624 Antiochum
600 2559 749 2641 Magnum
772 2579 901 2642 magnos
925 2559 1060 2623 bonores
1082 2559 1217 2640 adeptus
1240 2559 1283 2623 sit
1304 2566 1338 2624 et
1361 2557 1561 2642 Cephalionis
1581 2555 1740 2639 Gergithii

200 2686 366 2749 personam
388 2668 539 2731 mentitus
563 2662 691 2751 Τρωικά
715 2667 943 2750 conscripserit,
966 2670 1090 2729 tautum
1108 2687 1171 2731 uon
1190 2672 1311 2730 certum
1330 2671 1385 2730 est.
1418 2687 1490 2730 nam
1509 2665 1741 2748 Hegesiauacta

201 2772 289 2838 illum
313 2795 352 2838 ex
378 2773 501 2839 Troade
528 2773 776 2839 Alexandrinum
805 2778 837 2836 et
863 2773 1023 2856 scripsisse
1051 2773 1191 2837 carmina
1219 2779 1251 2837 et
1273 2774 1421 2838 recitasse
1445 2773 1597 2837 Demetrii
1622 2770 1741 2855 Scepsii

201 2881 382 2946 narratione
408 2880 494 2964 apud
521 2879 719 2945 Athenaeum
746 2878 791 2944 Vl
814 2902 844 2962 p.
871 2879 934 2944 155
958 2880 984 2943 Β
1010 2886 1135 2945 servata
1162 2885 1293 2946 constat.
1326 2880 1363 2945 cf.
1387 2879 1502 2946 Miiller
1524 2879 1558 2943 F.
1578 2878 1618 2942 H.
1638 2877 1675 2943 G.
1694 2876 1742 2942 111

201 3010 231 3071 p.
255 2988 307 3053 68.

291 3095 340 3158 Ex
366 3095 467 3159 altero
496 3115 633 3178 quoque,
660 3094 748 3159 cuius
775 3094 808 3157 iu
836 3093 1009 3158 Ptolemaei
1037 3095 1264 3177 epigrammate
1290 3094 1408 3158 mentio
1435 3091 1485 3170 fit,
1521 3092 1744 3177 Φαινομένων

202 3208 344 3277 auctore,
371 3202 588 3286 Hermippo,
616 3201 693 3266 duas
722 3200 917 3266 narrationes
940 3201 1084 3284 Hyginus
1113 3201 1230 3278 adfert3
1259 3206 1332 3266 sunt
1360 3222 1414 3265 cae
1442 3198 1642 3265 delusionis
1669 3198 1745 3264 filiis

203 3308 377 3373 Philomela
400 3315 433 3372 et
456 3308 549 3371 Pluto
576 3307 621 3371 IV
644 3331 673 3391 p.
697 3309 749 3384 38,
767 3309 930 3394 4-166)
959 3314 991 3372 et
1019 3309 1058 3372 de
1086 3309 1208 3385 Ariete,
1235 3307 1342 3373 Liberi
1371 3309 1404 3371 in
1430 3305 1539 3373 Africa
1567 3309 1660 3384 duce,
1684 3307 1745 3371 XX

203 3437 232 3499 p.
252 3416 303 3491 60,
323 3415 365 3478 25
377 3453 416 3462 -
429 3415 481 3490 61,
500 3416 552 3492 20,
576 3437 708 3497 quarum
731 3415 864 3479 alteram
883 3417 978 3480 ctiam
998 3416 1143 3499 Nigidius
1163 3415 1292 3499 Figulus
1317 3414 1426 3500 (schol.
1447 3413 1550 3479 Germ.
1571 3414 1622 3479 BP
1640 3437 1672 3497 p.
1694 3415 1748 3490 80,

205 3523 276 3586 8-
288 3523 345 3602 20)
364 3522 449 3587 haud
469 3522 564 3586 dubio
583 3543 620 3586 ex
639 3523 749 3587 eodem
763 3522 936 3605 Hermippo
954 3529 1071 3587 narrat.
1097 3544 1135 3587 cx
1153 3522 1280 3586 scholiis
1300 3521 1425 3586 Arateis
1443 3521 1649 3604 intellegitur,
1668 3522 1749 3604 quid

204 3629 287 3694 idern
306 3629 345 3693 de
364 3628 522 3711 Delphina
541 3636 573 3693 et
591 3629 630 3694 dc
650 3629 807 3694 Centauro
829 3629 952 3713 Araque
969 3628 1150 3713 protulerit:
1177 3630 1219 3693 ad
1239 3650 1264 3695 v.
1285 3630 1348 3692 316
1367 3652 1396 3713 p.
1418 3629 1469 3704 79,
1488 3628 1538 3691 24.
1560 3617 1752 3712 Ἕρμιππος

205 3735 240 3800 δὲ
268 3733 414 3822 (φησίν),
442 3726 494 3800 ὅτι
524 3733 579 3800 ἐπὶ
608 3726 816 3812 ,Ἀπόλλωνος
843 3743 918 3819 τιμῇ
947 3735 1026 3822 (scil.
1050 3735 1302 3822 xarqors'pcorar
1326 3727 1344 3800 d
1369 3735 1507 3820 Δελφίν)
1535 3727 1753 3821 ἡγησαμένου

203 3843 330 3928 Κρησὶν
359 3840 404 3918 εἰς
432 3832 581 3923 Δελφοὺς
609 3842 738 3923 δελφῖνι
767 3834 1043 3927 ὁμοιωθέντος.1)
1077 3848 1109 3908 et
1135 3844 1175 3906 ad
1204 3864 1231 3907 r.
1254 3842 1319 3907 436
1348 3863 1377 3925 p.
1402 3842 1524 3918 89,11.
1558 3832 1666 3905 αὐτὸν
1693 3842 1753 3928 (sc.

206 4041 416 4050 ——--—-—--

207 4172 211 4180 ¹
292 4181 313 4241 ὅ1
334 4181 416 4249 Fugit
435 4183 485 4236 hcc
506 4182 685 4253 Droysenium
705 4181 891 4235 Hellenismus
911 4183 950 4236 llI
970 4199 996 4250 p.
1016 4184 1048 4235 51
1068 4182 1159 4235 adnot.
1179 4185 1203 4234 2.

294 4290 314 4343 q
333 4288 496 4356 Scrupulnm
514 4294 612 4352 moret,
633 4288 704 4355 quod
724 4295 786 4357 post
804 4289 984 4358 Hermippum
1009 4287 1101 4343 statim
1125 4288 1270 4341 Petellides
1290 4288 1412 4340 Gnosius
1429 4287 1609 4340 lristuriaram
1628 4290 1758 4355 scriptor

205 4377 373 4440 nominatur,
401 4377 509 4445 ignotus
538 4377 697 4445 ceteroquin
725 4385 831 4440 auctor,
861 4378 938 4432 cuius
966 4394 1001 4432 ne
1029 4394 1125 4431 nomen
1155 4377 1264 4445 quidem
1294 4383 1412 4441 constat3
1441 4375 1520 4444 quid,
1549 4377 1623 4443 quod
1648 4377 1756 4433 sideris

205 4466 367 4535 explicatio,
392 4466 416 4519 si
434 4466 524 4519 obiter
542 4465 683 4535 inspicias,
703 4483 755 4519 non
776 4484 809 4520 ex
829 4467 989 4536 Hermippo,
1009 4468 1058 4534 qui
1077 4467 1110 4520 dc
1127 4467 1262 4520 sideribus
1280 4466 1397 4533 scripsit,
1417 4466 1465 4519 sed
1486 4482 1520 4518 ex
1540 4467 1591 4518 boc
1610 4465 1756 4522 Petellidc

206 4554 324 4624 proferri
348 4554 464 4609 videtur.
493 4561 522 4609 at
547 4572 607 4609 cum
631 4555 776 4625 Hermippi
801 4556 949 4625 explicatio
973 4556 1074 4610 omissa
1096 4572 1156 4609 esse
1179 4562 1312 4623 nequeat,
1336 4561 1427 4608 statuo
1451 4560 1536 4608 totam
1559 4555 1755 4610 narrationem

206 4645 241 4699 ad
260 4645 338 4699 illum
357 4643 528 4699 referendam
551 4659 624 4710 csse,
647 4644 791 4700 Petellidis
811 4653 903 4700 autem
922 4645 1108 4699 testimonium
1128 4646 1161 4699 dc
1181 4643 1332 4698 Philomela
1351 4650 1457 4697 tantum
1477 4644 1613 4711 Plutoque
1634 4643 1755 4710 adferri,

207 4735 241 4788 de
269 4735 368 4803 quibus
396 4735 422 4787 ei
451 4751 511 4789 cum
540 4735 691 4802 Hermippo
719 4735 906 4788 conveniebat.
946 4743 1067 4789 ceterum
1095 4733 1238 4787 Petellidis
1266 4733 1392 4787 notitiam
1419 4731 1449 4786 ni
1477 4731 1559 4786 fallor
1586 4747 1622 4786 ex
1651 4733 1756 4788 eodem

207 4824 341 4893 scriptore
361 4824 485 4894 Hyginus
505 4824 604 4890 hausit,
625 4840 657 4878 ex
679 4841 731 4891 quc
751 4825 833 4878 etiam
853 4824 998 4894 Hermippi
1017 4822 1202 4878 narrationem
1222 4822 1376 4892 descripsit.

296 4934 316 5000 ἵ)
336 4933 378 4986 lta
401 4933 464 4986 MV.
489 4921 531 4985 dri
560 4927 607 4985 aa
633 4926 802 4994 fliro'tlmm,¹
829 4936 895 5000 τιμῇ
923 4925 1050 5000 ἡγήσατο
1076 4931 1185 4999 Κρησὶν
1208 4927 1248 4993 εἰς
1272 4924 1399 4997 Δελφούς
1423 4929 1567 4983 Bekkerus
1590 4945 1755 4998 perperam.
