3894 5708
200 352 240 420 16

196 536 382 621 praesertim
409 558 479 602 eum
505 536 651 602 Isidorus
680 538 713 602 iu
736 535 949 618 Nuturoldurs
976 536 1023 601 uel
1048 538 1083 601 iu
1105 536 1250 621 Physicis
1277 536 1432 602 laudetur.
1477 536 1562 621 quod
1585 558 1657 602 vero
1685 537 1727 602 de

196 643 263 713 hac¹
279 665 313 709 ro
335 644 415 709 nihil
437 644 469 708 in
488 644 602 709 Isidori
625 646 664 709 do
683 650 797 710 natura
815 667 919 709 rerum
936 644 1042 711 libello
1062 650 1173 722 exstat,
1195 646 1453 729 interpolatorem
1470 647 1580 710 eadem
1597 644 1725 710 temeri-

196 756 264 816 tato
290 753 455 817 mentitum
483 774 550 818 osso
572 758 649 837 puto
671 758 766 837 atquo
789 752 890 829 illurn,
917 753 970 837 qui
994 753 1027 817 in
1050 754 1194 837 Epitomo
1216 753 1324 819 XXIII
1347 753 1521 837 Hipparchi
1545 775 1655 817 nomon
1678 753 1726 816 in-

198 859 307 935 soruit,
335 882 397 944 qua
424 859 463 925 de
489 881 523 925 re
550 861 656 944 paullo
684 868 754 945 post
782 861 922 925 dicturus
949 882 1025 926 sum.
1071 864 1126 927 sed
1150 861 1304 945 quidquid
1327 867 1496 938 statuetur,
1523 861 1583 925 hoo
1606 865 1727 925 eertum

198 973 246 1032 ost
272 988 372 1051 neque
396 968 601 1051 Hispalionsis
628 990 729 1052 neque
756 968 837 1034 alius
859 967 964 1034 neseio
988 968 1075 1033 ouius
1098 968 1211 1033 Isidori
1233 971 1266 1035 in
1288 971 1401 1036 ceteris
1423 968 1611 1034 scholiorum
1634 966 1725 1031 Basi-

196 1072 347 1138 leensium
378 1073 521 1157 partibus
552 1081 608 1140 aut
634 1076 737 1141 volam
768 1081 823 1141 aut
850 1077 1015 1159 vestigium
1046 1076 1206 1160 adparere.
1256 1099 1292 1142 ao
1317 1077 1370 1142 vix
1397 1083 1445 1142 ost
1472 1076 1555 1160 quod
1583 1095 1728 1138 moneam

198 1180 426 1264 Hispaliensem
448 1183 498 1247 vol
524 1183 595 1249 ideo
623 1184 812 1267 exscriptum
840 1204 908 1249 esso
934 1205 996 1248 non
1024 1204 1127 1267 possa,
1153 1184 1238 1269 quod
1260 1184 1359 1249 multo
1382 1190 1493 1266 postea
1515 1182 1605 1259 vixit,
1632 1203 1728 1266 quam

198 1286 275 1351 haec
302 1288 420 1353 scholia
443 1292 614 1373 composita
636 1297 717 1356 sunt.
762 1290 908 1355 similitor
929 1291 1025 1355 verba
1047 1313 1076 1373 p.
1100 1290 1155 1368 58,
1181 1290 1221 1355 18
1247 1290 1378 1356 Ouidius
1401 1313 1422 1355 a
1444 1291 1568 1355 Iunone
1590 1290 1626 1354 ob
1643 1288 1728 1370 peli-

198 1397 302 1460 outruu
324 1397 359 1459 iu
381 1417 491 1462 ursum
512 1401 779 1483 transfiguratum
801 1419 870 1463 ouon
887 1398 994 1462 scribit
1011 1421 1031 1463 a
1048 1398 1165 1464 lectore
1183 1397 1476 1481 Metamorphoseon
1495 1397 1527 1461 II
1545 1398 1611 1462 466
1629 1420 1652 1464 s.
1671 1401 1729 1462 aut

198 1499 364 1565 Iustorum
386 1502 417 1566 II
436 1527 462 1567 v.
483 1504 544 1570 177
564 1528 587 1571 6.
605 1506 734 1572 memori
757 1506 869 1572 addita
891 1527 958 1571 osso
980 1512 1071 1589 put03
1095 1528 1168 1571 nam
1187 1506 1341 1582 Ovidium,
1363 1511 1474 1588 utpote
1496 1506 1584 1570 euius
1607 1511 1728 1570 oetero-

199 1607 273 1691 quin
297 1609 383 1674 nulla
404 1613 522 1678 mentio
544 1620 688 1679 ooourrat
710 1615 750 1678 ab
774 1636 810 1680 eo
834 1615 888 1699 qui
910 1614 989 1678 haee
1012 1613 1130 1678 scholia
1154 1615 1327 1697 composuIt
1349 1613 1527 1678 adhibitum
1550 1634 1617 1678 osse
1639 1632 1729 1695 nego.

287 1714 349 1781 Sed
372 1718 533 1785 adhibitus
557 1726 605 1786 est
626 1721 771 1805 Nigidius
795 1721 937 1805 Figulum
966 1721 1060 1786 immo
1083 1722 1150 1786 eius
1172 1720 1304 1805 vestigia
1326 1722 1403 1786 satis
1425 1722 1489 1785 late
1511 1725 1634 1804 patent,
1657 1741 1730 1784 oum

198 1843 310 1888 nomon
334 1825 435 1907 ipsum
459 1848 521 1890 non
544 1828 646 1892 minus
670 1828 777 1895 decern
799 1828 1025 1914 historiolislss)
1048 1829 1277 1912 praescriptum
1300 1828 1349 1893 sit.
1385 1834 1459 1892 sunt
1481 1831 1587 1892 autom
1610 1827 1683 1890 bae:

409 1932 424 1996 l
513 1935 552 1998 do
575 1934 692 2000 Orione
713 1959 733 2001 a
755 1937 917 2020 scorpione
940 1934 1106 2001 interfecto
1129 1958 1158 2019 p.
1182 1936 1234 2012 63,
1260 1935 1414 2013 13-64,
1437 1936 1466 1999 6.

409 2039 441 2103 II
518 2042 556 2106 de
580 2041 708 2127 Virgine
731 2066 760 2128 p.
784 2043 836 2121 65,
859 2044 1017 2119 20-66,
1039 2044 1068 2106 5.

410 2145 456 2211 III
515 2150 553 2214 do
577 2150 717 2216 Geminis
740 2174 769 2235 p.
793 2151 845 2227 68,
871 2150 1024 2225 18-69,
1052 2150 1098 2214 13.

409 2254 453 2319 lV
514 2257 554 2321 de
576 2257 680 2323 Leone
702 2281 731 2342 p.
756 2257 807 2334 72,
833 2259 947 2323 1-14.

410 2360 437 2425 V
514 2365 553 2428 de
576 2364 678 2429 Tauro
702 2388 730 2450 p.
755 2365 807 2442 74,
832 2366 969 2430 12-20.

410 2467 453 2533 VI
512 2471 551 2536 66
574 2471 682 2537 Ariete
705 2495 733 2556 p.
758 2473 808 2549 80,
833 2473 900 2537 8-
917 2473 968 2548 81,
994 2475 1020 2535 l.

410 2575 471 2639 Vll
512 2577 551 2641 66
574 2578 715 2644 Pisoibus
738 2603 767 2664 p.
791 2580 843 2656 81,
866 2579 958 2642 20-
972 2579 1023 2655 82,
1050 2580 1097 2643 10.

411 2682 487 2747 VIII
511 2685 550 2749 de
573 2685 713 2769 Aquario
735 2710 765 2770 p.
789 2687 841 2763 85,
867 2686 1021 2762 13-86,
1045 2686 1073 2749 3.

410 2789 456 2852 IX
510 2792 549 2856 de
574 2792 765 2876 Capricorno
787 2818 817 2878 p.
841 2794 893 2871 87,
918 2793 1073 2869 11-89,
1100 2793 1147 2856 12.

410 2895 440 2959 Χ
511 2898 549 2962 66
573 2898 744 2983 Sagittario
767 2924 796 2984 p.
820 2902 872 2978 90,
898 2900 1034 2966 10-15.

287 3001 383 3067 Vides
411 3003 488 3068 haoo
515 3007 619 3071 omnia
645 3007 678 3071 in
706 3007 847 3090 signiferi
875 3007 960 3073 orbis
988 3006 1144 3071 sideribus
1172 3006 1365 3089 explicandis
1392 3005 1524 3079 veratri3
1557 3004 1640 3069 unde
1667 3025 1734 3067 non

200 3107 305 3192 inopte
332 3111 475 3175 concludi
503 3117 619 3195 potest,
646 3114 807 3197 Nigidium
836 3115 875 3180 de
903 3114 1067 3179 duodecim
1094 3119 1217 3178 tontum
1245 3113 1342 3195 signis
1370 3112 1478 3194 egisse.
1524 3131 1621 3193 quare
1648 3131 1733 3192 quae

200 3215 239 3280 do
266 3216 394 3300 reliquis
421 3219 576 3285 sideribus
603 3221 636 3285 in
664 3221 791 3288 scholiis
820 3224 979 3304 leguntur,
1010 3223 1050 3285 66
1078 3221 1241 3304 Nigidium
1269 3220 1380 3284 referri
1409 3241 1470 3283 non
1500 3218 1624 3283 debent.
1675 3218 1733 3283 666

200 3328 350 3405 (quattuor
372 3347 410 3390 ex
434 3326 495 3391 illis
512 3327 633 3411 Nigidii
655 3328 839 3413 fragmentis
858 3329 912 3416 (II.
930 3328 987 3393 III.
1003 3328 1087 3394 VIII.
1107 3328 1150 3412 X)
1170 3328 1302 3412 singulis
1320 3326 1553 3391 narrationibus
1572 3326 1733 3409 excipiun-

200 3435 261 3506 tur,
284 3431 323 3495 de
346 3453 479 3513 quarum
502 3435 622 3518 origine
645 3435 791 3501 dubitare
813 3437 922 3520 possis.
958 3457 1030 3500 nam
1053 3437 1188 3519 primum
1212 3441 1377 3519 postquam
1390 3434 1551 3516 Virginem
1574 3433 1734 3497 Iustitiam
1834 3452 1840 3469 ¹

200 3558 268 3601 osso
290 3560 329 3602 ox
346 3537 475 3621 Nigidio
493 3542 669 3625 expositum
688 3547 744 3621 est,
766 3542 883 3609 verbis:
906 3548 981 3608 ssent
999 3544 1056 3626 qui
1075 3542 1169 3607 alitor
1187 3546 1360 3606 iurauerunt
1377 3540 1556 3624 praemissis
1575 3539 1736 3621 Erigonae

200 3644 333 3710 historia
361 3652 526 3712 enarratur
552 3671 582 3731 p.
610 3649 666 3726 66,
693 3649 771 3713 5-
786 3651 842 3728 67,
873 3650 926 3726 14,
957 3650 1067 3714 similis
1096 3651 1128 3713 in
1156 3650 1333 3714 universum
1362 3649 1420 3725 eis,
1447 3670 1528 3732 quae
1556 3647 1594 3711 do
1622 3646 1736 3710 eadem

199 3752 342 3836 Hyginus
370 3776 407 3818 ex
430 3753 660 3821 Catusterismis
686 3757 821 3840 profert,
847 3757 880 3821 in
909 3757 1040 3841 singulis
1064 3758 1155 3821 valde
1179 3756 1345 3821 dissimilis.
1391 3755 1506 3819 deinde
1530 3753 1736 3818 Geminorum

201 3858 322 3924 duabus
350 3883 388 3925 ex
410 3860 538 3944 Nigidio
566 3863 827 3946 explicationibus
853 3865 986 3948 prolatis
1013 3865 1110 3929 tertia
1137 3864 1333 3945 adiungitur,
1361 3883 1423 3946 qua
1445 3863 1486 3925 ad
1511 3859 1676 3925 Herculem
1701 3866 1737 3925 et

201 3966 321 4031 Thesea
347 3967 407 4032 hoe
433 3969 554 4051 mgnum
580 3973 739 4053 pertinere
767 3972 918 4037 statuitur
944 3994 973 4054 p.
1002 3972 1057 4047 69,
1087 3970 1127 4036 13
1142 4010 1184 4018 -
1200 3971 1255 4045 76,
1282 3970 1311 4032 5.
1358 3968 1530 4051 Aquarium
1557 3988 1577 4030 6
1603 3965 1736 4048 Nigidio

201 4093 258 4154 pro
281 4072 471 4140 Deucalione
498 4076 640 4141 habitum
669 4099 735 4143 asse
763 4078 820 4155 eis,
847 4099 928 4161 quae
951 4077 1008 4141 sub
1032 4077 1108 4142 VIII
1132 4077 1251 4152 notavi,
1279 4075 1382 4140 verbis
1405 4077 1649 4148 demonstratum
1678 4073 1737 4138 sed

201 4180 348 4244 oontiuuo
371 4181 500 4246 additor
523 4185 653 4249 errudom
673 4185 713 4248 ob
732 4187 876 4269 uotiqru's
894 4185 1078 4249 Aristaenus
1095 4184 1259 4265 Apollinis·
1277 4182 1379 4264 filiurn
1399 4183 1471 4259 diei,
1494 4181 1582 4246 cuius
1599 4180 1737 4244 historia

200 4286 324 4369 longius
346 4290 522 4371 exponitur,
544 4313 582 4355 ea
604 4313 726 4377 quoque
745 4292 860 4377 Hygini
884 4293 1058 4357 narrationi
1077 4292 1118 4368 II,
1140 4292 1161 4354 4
1180 4314 1209 4374 p.
1229 4291 1281 4366 37,
1307 4291 1346 4353 14
1366 4311 1389 4352 6.
1412 4291 1444 4353 in
1468 4291 1646 4354 universum
1670 4308 1736 4352 nou

201 4394 371 4470 dissimilis,
393 4395 426 4458 in
450 4394 580 4481 singulis
603 4399 771 4464 admodum
794 4398 925 4464 diversa.
963 4399 1097 4480 denique
1120 4405 1287 4481 postquam
1306 4397 1392 4462 Croti
1417 4396 1525 4462 fabula
1548 4417 1586 4460 ox
1605 4394 1737 4478 Nigidio

200 4504 343 4584 exposita
370 4507 430 4580 est,
457 4506 640 4583 adnotatur,
667 4507 746 4572 alios
769 4505 974 4590 Sagittarium
997 4527 1054 4590 pro
1079 4505 1213 4570 Chirone
1236 4504 1353 4569 habore
1376 4527 1405 4587 p.
1429 4505 1481 4580 90,
1506 4501 1547 4568 15
1563 4541 1603 4549 -
1618 4501 1676 4578 91,
1703 4503 1738 4578 1;

201 4620 411 4629 ————-

290 4680 324 4747 23)
342 4681 480 4736 Peculiari
508 4683 603 4737 libello
630 4687 680 4738 has
704 4683 856 4753 composuit
879 4683 1038 4753 Broysigius
1062 4684 1097 4737 66
1120 4682 1224 4750 Nigidii
1247 4681 1340 4750 Figuli
1367 4680 1528 4749 fragmentis
1551 4679 1623 4749 apud
1648 4681 1736 4733 schol.

201 4770 291 4824 Germ.
306 4770 423 4825 servatis
441 4772 561 4826 Berolin.
577 4774 645 4828 1854
665 4790 754 4841 neque
773 4780 865 4827 tamen
884 4773 1001 4826 multum
1020 4772 1145 4842 profecit.
1166 4778 1241 4826 certe
1261 4771 1310 4825 ille
1325 4772 1409 4825 verba
1427 4788 1452 4839 p.
1469 4772 1511 4834 68,
1526 4772 1542 4823 2
1557 4770 1586 4822 bi
1601 4768 1739 4822 dieantur

202 4890 234 4900 -
255 4859 324 4914 alter
347 4861 481 4916 citiorum
504 4861 583 4915 babet
600 4862 756 4932 NigidIanis
775 4863 955 4917 adnumerare
975 4879 1028 4917 uon
1047 4862 1179 4927 debebat,
1207 4878 1267 4915 curn
1288 4862 1384 4915 eadem
1403 4867 1515 4929 praeter
1533 4857 1630 4912 ultima
1650 4859 1738 4913 verba

199 4949 228 5004 in
248 4949 356 5020 IIygiuo
375 4951 410 5017 II,
429 4952 463 5004 22
482 4952 616 5021 legantur.
