3894 5708
404 373 506 433 Senon.
524 373 618 432 Gsnn.
636 373 668 431 G.
1208 378 1339 436 Hrornns
1357 380 1392 448 Π,
1412 381 1454 438 17.
1640 384 1698 449 161

1005 560 1235 646 aglaosthenes
1248 567 1363 639 autem,
1383 563 1435 645 qui
1451 562 1570 628 Naxica
1584 585 1658 628 con-

961 668 1095 751 scripsit,
1119 668 1296 753 Tyrrhenos
1320 670 1366 734 ait
1389 668 1484 735 luisse
1507 671 1659 752 quosdam

960 775 1176 854 navicularios,
1190 779 1243 859 qui
1258 798 1390 860 puerum
1404 777 1500 841 etiam
1508 776 1658 841 Liberum

960 887 1082 964 patrem
1105 889 1273 967 receptum,
1295 889 1332 948 ut
1354 883 1477 948 Naxum
1502 905 1570 949 cum
1594 883 1659 948 suis

960 988 1126 1055 comitibus
1148 996 1321 1055 travectum
1341 990 1510 1056 redderent
1528 991 1658 1055 nutrici·
1686 999 1702 1052 5

960 1095 1018 1159 bus
1041 1098 1199 1182 nymphis,
1227 1118 1248 1161 a
1273 1099 1388 1180 quibus
1411 1119 1479 1162 enm
1502 1099 1658 1162 nutritum

959 1206 1062 1267 cinos
1080 1206 1115 1267 in
1125 1206 1277 1288 propertio
1292 1207 1420 1270 dcorrrm
1439 1210 1467 1269 et
1486 1206 1658 1286 complures

961 1307 1077 1375 Graeci
1091 1312 1256 1389 ‹lixarunt;
1275 1314 1329 1377 sed
1346 1318 1381 1377 nt
1401 1314 1445 1377 ad
1461 1313 1657 1392 propositam

957 1421 1160 1496 revertamur,
1181 1419 1363 1484 navicularii
1381 1440 1436 1503 spe
1454 1417 1591 1502 praedae
1610 1419 1656 1481 in·

958 1523 1044 1586 ducti
1067 1545 1177 1588 navem
1200 1533 1343 1591 avertere
1367 1526 1540 1590 voluerunt.
1573 1526 1656 1609 quod
1670 1537 1701 1586 ιο

957 1629 1054 1694 Liber
1089 1632 1264 1715 suspicatus
1300 1634 1429 1698 comites
1465 1654 1537 1697 suos
1570 1631 1656 1697 iubet

959 1737 1175 1820 symphoniam
1195 1760 1320 1817 canere3
1340 1761 1402 1822 quo
1421 1742 1526 1804 sonitu
1545 1741 1655 1805 audito

958 1844 1112 1929 Tyrrheni
1139 1867 1210 1910 cum
1236 1846 1437 1928 usqueadeo
1460 1846 1654 1911 delectaren-

959 1952 1023 2029 tur,
1055 1959 1091 2017 ut
1119 1953 1213 2018 etiarn
1241 1954 1273 2018 in
1300 1953 1522 2018 saltationibus
1549 1960 1655 2018 essent

958 2060 1109 2144 occupati,
1127 2060 1300 2144 cupiditate
1314 2061 1449 2125 saltandi
1470 2083 1503 2126 se
1521 2061 1553 2124 in
1568 2082 1654 2125 mare
1666 2071 1699 2123 15

957 2168 1048 2232 inscii
1070 2168 1270 2252 proieoemnt
1292 2174 1325 2233 et
1346 2167 1392 2232 ibi
1414 2168 1555 2251 delphini
1581 2174 1655 2233 sunt

958 2272 1041 2338 lacti.
1067 2297 1197 2359 quorum
1222 2275 1444 2359 cogitationem
1466 2296 1536 2339 cum
1559 2274 1654 2340 Liber

957 2384 1125 2447 memoriae
1151 2383 1313 2448 hominum
1344 2383 1469 2446 tradere
1498 2382 1654 2457 voluisset,

956 2489 1049 2553 unius
1073 2488 1209 2573 effigiem
1232 2491 1316 2554 inter
1338 2489 1443 2554 sidera
1465 2489 1646 2554 conlocavit.

1273 2705 1322 2767 ΙΙΙ,
1342 2705 1383 2758 16.

467 2806 603 2858 oscinum.
1001 2809 1107 2874 Habet
1137 2817 1241 2875 autem
1274 2812 1307 2876 in
1339 2812 1441 2895 capite
1473 2810 1595 2876 stollam
1628 2809 1652 2885 L

957 2939 1053 2999 supra
1071 2924 1165 3001 caput
1183 2919 1224 2983 ad
1244 2919 1395 2984 cervicem
1414 2939 1519 2983 versus
1534 2917 1573 2982 11.
1609 2917 1651 2982 ad

958 3045 995 3088 ea
1017 3045 1096 3108 quae
1118 3025 1151 3090 in
1174 3033 1282 3090 ventre
1303 3026 1389 3089 velut
1406 3045 1527 3107 pennae
1544 3024 1653 3089 riden-

956 3137 1009 3194 tur
1031 3131 1129 3195 habet
1152 3132 1258 3197 stellas
1281 3131 1338 3206 ΙΙΙ,
1365 3133 1399 3197 in
1421 3130 1555 3215 scapulis
1574 3131 1598 3207 l,
1621 3132 1653 3196 in
1662 3139 1698 3192 25

957 3240 1057 3303 cauda
1074 3238 1113 3303 ΙΙ.
1159 3241 1285 3303 omnino
1304 3245 1352 3303 est
1372 3239 1533 3304 stellamm
1551 3238 1652 3304 Vllll.

997 3864 1065 3919 Vide
1083 3864 1280 3933 Prolepomena
1295 3881 1324 3932 p.
1344 3866 1370 3916 8.

992 3971 1003 4008 1
1036 3960 1127 4007 autem
1160 3970 1209 4007 orn.
1242 3953 1271 4007 V.
1313 3951 1487 4020 conscripsit:
1520 3951 1631 4022 scripsit
1663 3953 1696 4007 R.

956 4042 1118 4110 aquosdam
1143 4043 1171 4096 V.
1191 4042 1328 4111 quondam
1347 4041 1379 4095 R.
1488 4057 1567 4096 rnos
1585 4043 1698 4110 scripsi:

957 4129 1042 4184 nostri
1075 4130 1144 4185 latri.
1191 4148 1239 4185 nos
1271 4131 1324 4201 ipsi
1348 4132 1508 4200 prmverat
1535 4130 1695 4198 Schefferua.

957 4237 982 4274 ra
1001 4219 1094 4275 audito
1118 4220 1154 4275 V:
1172 4219 1295 4274 inaudito
1314 4219 1404 4289 culpo.
1462 4235 1488 4275 ro
1505 4219 1625 4274 saltandi
1645 4237 1696 4274 om.

956 4308 1021 4362 DV.
1081 4326 1105 4364 ιτ
1125 4326 1236 4378 quorum
1257 4309 1457 4378 cogitationem.
1479 4309 1597 4375 sortasse
1616 4326 1696 4378 qnam

957 4397 1148 4466 cogitationem
1173 4398 1208 4464 ef.
1234 4398 1335 4469 Hypios.
1355 4398 1428 4451 118
1453 4400 1504 4452 hac
1532 4397 1695 4466 cogitatione

957 4502 1048 4541 amore
1077 4486 1210 4542 liberatus
1237 4495 1287 4542 est.
1346 4504 1457 4556 qnorum
1487 4486 1694 4556 castigationem

957 4577 1096 4642 temptarat
1114 4576 1285 4632 Bursianus.
1354 4595 1379 4631 rr
1397 4576 1507 4630 stellam
1527 4576 1539 4627 Ι
1557 4576 1696 4630 Bantius:

957 4664 1051 4717 stellas
1071 4665 1096 4718 ll
1116 4665 1185 4718 riori.
