<?xml version="1.0" encoding="UTF-8"?>
<!DOCTYPE html PUBLIC "-//W3C//DTD XHTML 1.0 Transitional//EN"
    "http://www.w3.org/TR/xhtml1/DTD/xhtml1-transitional.dtd">
<html xmlns="http://www.w3.org/1999/xhtml" xml:lang="en" lang="en">
 <head>
  <title>
</title>
<meta http-equiv="Content-Type" content="text/html;charset=utf-8" />
  <meta name='ocr-system' content='tesseract 3.04.00' />
  <meta name='ocr-capabilities' content='ocr_page ocr_carea ocr_par ocr_line ocrx_word'/>
</head>
<body>
  <div class='ocr_page' id='page_1' title='image "./eratostheniscat00eratgoog_0017.png"; bbox 0 0 3894 5708; ppageno 0'>
   <div class='ocr_carea' id='block_1_1' title="bbox 328 370 350 434">
    <p class='ocr_par' dir='ltr' id='par_1_1' title="bbox 328 370 350 434">
     <span class='ocr_line' id='line_1_1' title="bbox 328 370 350 434; baseline 0 0"><span class='ocrx_word' id='word_1_1' title='bbox 328 370 350 434; x_wconf 91' lang='grc'>4</span> 
     </span>
    </p>
   </div>
   <div class='ocr_carea' id='block_1_2' title="bbox 360 543 1856 732">
    <p class='ocr_par' dir='ltr' id='par_1_2' title="bbox 360 543 1856 732">
     <span class='ocr_line' id='line_1_2' title="bbox 360 543 1856 632; baseline -0.004 -19"><span class='ocrx_word' id='word_1_2' title='bbox 360 547 415 613; x_wconf 92' lang='grc' dir='ltr'><strong>ΙΙΙ.</strong></span> <span class='ocrx_word' id='word_1_3' title='bbox 439 548 485 631; x_wconf 91' lang='grc' dir='ltr'><strong><em>(ΙΙ</em></strong></span> <span class='ocrx_word' id='word_1_4' title='bbox 508 548 552 614; x_wconf 87' lang='grc'><strong><em>40</em></strong></span> <span class='ocrx_word' id='word_1_5' title='bbox 575 571 604 632; x_wconf 86' lang='lat' dir='ltr'><strong><em>p.</em></strong></span> <span class='ocrx_word' id='word_1_6' title='bbox 629 547 680 624; x_wconf 88' lang='grc'><strong><em>78,</em></strong></span> <span class='ocrx_word' id='word_1_7' title='bbox 703 547 738 632; x_wconf 86' lang='grc'><strong><em>6)</em></strong></span> <span class='ocrx_word' id='word_1_8' title='bbox 769 545 918 611; x_wconf 74' lang='lat' dir='ltr'><strong><em>nonnulli</em></strong></span> <span class='ocrx_word' id='word_1_9' title='bbox 950 564 1018 610; x_wconf 89' lang='lat' dir='ltr'><strong><em>curn</em></strong></span> <span class='ocrx_word' id='word_1_10' title='bbox 1035 543 1257 610; x_wconf 89' lang='lat' dir='ltr'><strong><em>Eratosthene</em></strong></span> <span class='ocrx_word' id='word_1_11' title='bbox 1288 543 1397 607; x_wconf 86' lang='lat' dir='ltr'><strong><em>dieunt</em></strong></span> <span class='ocrx_word' id='word_1_12' title='bbox 1427 561 1496 608; x_wconf 86' lang='lat' dir='ltr'><strong><em>curn</em></strong></span> <span class='ocrx_word' id='word_1_13' title='bbox 1528 546 1652 607; x_wconf 89' lang='lat' dir='ltr'><strong><em>cratero</em></strong></span> <span class='ocrx_word' id='word_1_14' title='bbox 1684 562 1759 621; x_wconf 88' lang='lat' dir='ltr'><strong><em>esse,</em></strong></span> <span class='ocrx_word' id='word_1_15' title='bbox 1793 561 1856 626; x_wconf 81' lang='lat' dir='ltr'><strong><em>qno</em></strong></span> 
     </span>
     <span class='ocr_line' id='line_1_3' title="bbox 439 652 1363 732; baseline -0.006 -13"><span class='ocrx_word' id='word_1_16' title='bbox 439 655 568 721; x_wconf 86' lang='lat' dir='ltr'><strong><em>Icarius</em></strong></span> <span class='ocrx_word' id='word_1_17' title='bbox 590 656 739 732; x_wconf 78' lang='lat' dir='ltr'><strong><em>siturus,</em></strong></span> <span class='ocrx_word' id='word_1_18' title='bbox 764 674 833 718; x_wconf 84' lang='lat' dir='ltr'><strong><em>erern</em></strong></span> <span class='ocrx_word' id='word_1_19' title='bbox 854 652 1031 718; x_wconf 83' lang='lat' dir='ltr'><strong><em>horninibus</em></strong></span> <span class='ocrx_word' id='word_1_20' title='bbox 1054 652 1225 717; x_wconf 75' lang='lat' dir='ltr'><strong><em>ostenderet</em></strong></span> <span class='ocrx_word' id='word_1_21' title='bbox 1247 652 1363 716; x_wconf 82' lang='grc'><strong>3111331.</strong></span> 
     </span>
    </p>
   </div>
   <div class='ocr_carea' id='block_1_3' title="bbox 365 774 1857 1398">
    <p class='ocr_par' dir='ltr' id='par_1_3' title="bbox 365 774 1857 1398">
     <span class='ocr_line' id='line_1_4' title="bbox 365 774 1855 867; baseline -0.003 -23"><span class='ocrx_word' id='word_1_22' title='bbox 365 780 417 846; x_wconf 87' lang='lat' dir='ltr'><strong><em>IV.</em></strong></span> <span class='ocrx_word' id='word_1_23' title='bbox 441 780 487 867; x_wconf 85' lang='lat'><strong><em>(11</em></strong></span> <span class='ocrx_word' id='word_1_24' title='bbox 510 782 553 845; x_wconf 98' lang='grc'><strong><em>42</em></strong></span> <span class='ocrx_word' id='word_1_25' title='bbox 576 803 606 864; x_wconf 90' lang='lat' dir='ltr'><strong><em>p.</em></strong></span> <span class='ocrx_word' id='word_1_26' title='bbox 631 780 682 857; x_wconf 82' lang='lat'><strong><em>79,</em></strong></span> <span class='ocrx_word' id='word_1_27' title='bbox 707 779 762 866; x_wconf 93' lang='grc'><strong><em>11)</em></strong></span> <span class='ocrx_word' id='word_1_28' title='bbox 786 780 881 843; x_wconf 90' lang='lat' dir='ltr'><strong><em>tertio</em></strong></span> <span class='ocrx_word' id='word_1_29' title='bbox 904 783 948 843; x_wconf 91' lang='lat' dir='ltr'><strong><em>cst</em></strong></span> <span class='ocrx_word' id='word_1_30' title='bbox 970 777 1062 842; x_wconf 89' lang='lat' dir='ltr'><strong><em>stella</em></strong></span> <span class='ocrx_word' id='word_1_31' title='bbox 1085 777 1215 855; x_wconf 84' lang='lat' dir='ltr'><strong><em>Martis,</em></strong></span> <span class='ocrx_word' id='word_1_32' title='bbox 1240 798 1337 860; x_wconf 78' lang='lat' dir='ltr'><strong><em>quarn</em></strong></span> <span class='ocrx_word' id='word_1_33' title='bbox 1360 775 1419 840; x_wconf 91' lang='lat' dir='ltr'><strong><em>alii</em></strong></span> <span class='ocrx_word' id='word_1_34' title='bbox 1440 774 1588 840; x_wconf 87' lang='lat' dir='ltr'><strong><em>Herculis</em></strong></span> <span class='ocrx_word' id='word_1_35' title='bbox 1611 776 1768 854; x_wconf 77' lang='lat' dir='ltr'><strong><em>dixerunt,</em></strong></span> <span class='ocrx_word' id='word_1_36' title='bbox 1799 775 1855 840; x_wconf 80' lang='lat' dir='ltr'><strong><em>Va</em></strong></span> 
     </span>
     <span class='ocr_line' id='line_1_5' title="bbox 438 882 1857 972; baseline -0.004 -21"><span class='ocrx_word' id='word_1_37' title='bbox 438 890 523 954; x_wconf 79' lang='lat' dir='ltr'><strong><em>neres</em></strong></span> <span class='ocrx_word' id='word_1_38' title='bbox 540 908 670 972; x_wconf 74' lang='lat' dir='ltr'><strong><em>sequare</em></strong></span> <span class='ocrx_word' id='word_1_39' title='bbox 692 886 816 952; x_wconf 88' lang='lat' dir='ltr'><strong><em>stellarn</em></strong></span> <span class='ocrx_word' id='word_1_40' title='bbox 837 886 904 963; x_wconf 92' lang='lat' dir='ltr'><strong><em>hac,</em></strong></span> <span class='ocrx_word' id='word_1_41' title='bbox 929 890 964 950; x_wconf 93' lang='lat' dir='ltr'><strong><em>ut</em></strong></span> <span class='ocrx_word' id='word_1_42' title='bbox 981 884 1205 950; x_wconf 76' lang='lat' dir='ltr'><strong><em>Eratosthenes</em></strong></span> <span class='ocrx_word' id='word_1_43' title='bbox 1228 885 1284 964; x_wconf 88' lang='lat' dir='ltr'><strong><em>ait,</em></strong></span> <span class='ocrx_word' id='word_1_44' title='bbox 1309 884 1347 948; x_wconf 91' lang='lat' dir='ltr'><strong><em>de</em></strong></span> <span class='ocrx_word' id='word_1_45' title='bbox 1368 904 1475 961; x_wconf 90' lang='lat' dir='ltr'><strong><em>causa,</em></strong></span> <span class='ocrx_word' id='word_1_46' title='bbox 1500 882 1585 966; x_wconf 78' lang='lat' dir='ltr'><strong><em>quod</em></strong></span> <span class='ocrx_word' id='word_1_47' title='bbox 1609 882 1770 948; x_wconf 86' lang='lat' dir='ltr'><strong><em>Vulcanus</em></strong></span> <span class='ocrx_word' id='word_1_48' title='bbox 1787 902 1857 946; x_wconf 84' lang='lat' dir='ltr'><strong><em>cuno</em></strong></span> 
     </span>
     <span class='ocr_line' id='line_1_6' title="bbox 438 990 1857 1074; baseline -0.004 -15"><span class='ocrx_word' id='word_1_49' title='bbox 438 1017 567 1060; x_wconf 72' lang='lat' dir='ltr'><strong><em>nemeen</em></strong></span> <span class='ocrx_word' id='word_1_50' title='bbox 605 996 751 1061; x_wconf 86' lang='lat' dir='ltr'><strong><em>Venerem</em></strong></span> <span class='ocrx_word' id='word_1_51' title='bbox 784 994 936 1070; x_wconf 73' lang='lat' dir='ltr'><strong><em>duxisset,</em></strong></span> <span class='ocrx_word' id='word_1_52' title='bbox 970 997 999 1056; x_wconf 92' lang='lat' dir='ltr'><strong><em>et</em></strong></span> <span class='ocrx_word' id='word_1_53' title='bbox 1024 998 1158 1074; x_wconf 81' lang='lat' dir='ltr'><strong><em>propter</em></strong></span> <span class='ocrx_word' id='word_1_54' title='bbox 1184 993 1251 1057; x_wconf 84' lang='grc'><strong>3133</strong></span> <span class='ocrx_word' id='word_1_55' title='bbox 1283 991 1512 1057; x_wconf 79' lang='lat' dir='ltr'><strong><em>observantiam</em></strong></span> <span class='ocrx_word' id='word_1_56' title='bbox 1538 990 1645 1054; x_wconf 86' lang='lat' dir='ltr'><strong><em>Marti</em></strong></span> <span class='ocrx_word' id='word_1_57' title='bbox 1676 991 1768 1071; x_wconf 80' lang='lat' dir='ltr'><strong><em>copia</em></strong></span> <span class='ocrx_word' id='word_1_58' title='bbox 1792 1010 1857 1054; x_wconf 91' lang='lat' dir='ltr'><strong><em>non</em></strong></span> 
     </span>
     <span class='ocr_line' id='line_1_7' title="bbox 440 1097 1856 1185; baseline -0.004 -18"><span class='ocrx_word' id='word_1_59' title='bbox 440 1105 536 1185; x_wconf 76' lang='lat' dir='ltr'><strong><em>heret,</em></strong></span> <span class='ocrx_word' id='word_1_60' title='bbox 561 1107 597 1167; x_wconf 93' lang='lat' dir='ltr'><strong><em>ut</em></strong></span> <span class='ocrx_word' id='word_1_61' title='bbox 618 1102 701 1167; x_wconf 89' lang='lat' dir='ltr'><strong><em>nibil</em></strong></span> <span class='ocrx_word' id='word_1_62' title='bbox 720 1101 853 1183; x_wconf 75' lang='lat' dir='ltr'><strong><em>adsequi</em></strong></span> <span class='ocrx_word' id='word_1_63' title='bbox 870 1101 1036 1178; x_wconf 85' lang='lat' dir='ltr'><strong><em>uideretur,</em></strong></span> <span class='ocrx_word' id='word_1_64' title='bbox 1056 1101 1121 1163; x_wconf 89' lang='lat' dir='ltr'><strong><em>nisi</em></strong></span> <span class='ocrx_word' id='word_1_65' title='bbox 1138 1121 1199 1165; x_wconf 90' lang='lat' dir='ltr'><strong><em>sua</em></strong></span> <span class='ocrx_word' id='word_1_66' title='bbox 1217 1099 1310 1164; x_wconf 85' lang='lat' dir='ltr'><strong><em>stella</em></strong></span> <span class='ocrx_word' id='word_1_67' title='bbox 1335 1099 1463 1163; x_wconf 90' lang='lat' dir='ltr'><strong><em>Veneris</em></strong></span> <span class='ocrx_word' id='word_1_68' title='bbox 1481 1098 1570 1163; x_wconf 88' lang='lat' dir='ltr'><strong><em>sidus</em></strong></span> <span class='ocrx_word' id='word_1_69' title='bbox 1583 1097 1742 1180; x_wconf 76' lang='lat' dir='ltr'><strong><em>persequi,</em></strong></span> <span class='ocrx_word' id='word_1_70' title='bbox 1765 1097 1856 1183; x_wconf 65' lang='lat' dir='ltr'><strong><em>hoess)</em></strong></span> 
     </span>
     <span class='ocr_line' id='line_1_8' title="bbox 441 1205 1857 1289; baseline -0.006 -14"><span class='ocrx_word' id='word_1_71' title='bbox 441 1233 462 1275; x_wconf 93' lang='lat' dir='ltr'><strong><em>a</em></strong></span> <span class='ocrx_word' id='word_1_72' title='bbox 487 1210 602 1274; x_wconf 88' lang='lat' dir='ltr'><strong><em>Venere</em></strong></span> <span class='ocrx_word' id='word_1_73' title='bbox 624 1209 811 1289; x_wconf 83' lang='lat' dir='ltr'><strong><em>inepetraoit.</em></strong></span> <span class='ocrx_word' id='word_1_74' title='bbox 851 1208 958 1289; x_wconf 81' lang='lat' dir='ltr'><strong><em>itaque</em></strong></span> <span class='ocrx_word' id='word_1_75' title='bbox 979 1227 1048 1270; x_wconf 84' lang='lat' dir='ltr'><strong><em>cunr</em></strong></span> <span class='ocrx_word' id='word_1_76' title='bbox 1071 1206 1257 1271; x_wconf 78' lang='grc'><strong>3313313113</strong></span> <span class='ocrx_word' id='word_1_77' title='bbox 1276 1226 1365 1271; x_wconf 88' lang='lat' dir='ltr'><strong><em>anror</em></strong></span> <span class='ocrx_word' id='word_1_78' title='bbox 1384 1225 1453 1270; x_wconf 87' lang='lat' dir='ltr'><strong><em>euru</em></strong></span> <span class='ocrx_word' id='word_1_79' title='bbox 1469 1205 1653 1284; x_wconf 77' lang='lat' dir='ltr'><strong><em>incenderet,</em></strong></span> <span class='ocrx_word' id='word_1_80' title='bbox 1676 1225 1742 1269; x_wconf 86' lang='lat' dir='ltr'><strong><em>reru</em></strong></span> <span class='ocrx_word' id='word_1_81' title='bbox 1758 1205 1857 1287; x_wconf 84' lang='lat' dir='ltr'><strong><em>siyni-</em></strong></span> 
     </span>
     <span class='ocr_line' id='line_1_9' title="bbox 439 1313 1272 1398; baseline -0.008 -16"><span class='ocrx_word' id='word_1_82' title='bbox 439 1319 540 1398; x_wconf 70' lang='lat' dir='ltr'><strong><em>[trans</em></strong></span> <span class='ocrx_word' id='word_1_83' title='bbox 564 1338 579 1382; x_wconf 91' lang='lat' dir='ltr'><strong><em>e</em></strong></span> <span class='ocrx_word' id='word_1_84' title='bbox 600 1315 686 1398; x_wconf 78' lang='lat' dir='ltr'><strong><em>facto</em></strong></span> <span class='ocrx_word' id='word_1_85' title='bbox 708 1314 833 1380; x_wconf 83' lang='lat' dir='ltr'><strong><em>stellare</em></strong></span> <span class='ocrx_word' id='word_1_86' title='bbox 855 1313 1017 1396; x_wconf 74' lang='lat' dir='ltr'><strong><em>Pyroenta</em></strong></span> <span class='ocrx_word' id='word_1_87' title='bbox 1040 1313 1223 1394; x_wconf 73' lang='lat' dir='ltr'><strong><em>adpellant.</em></strong></span> <span class='ocrx_word' id='word_1_88' title='bbox 1270 1370 1272 1375; x_wconf 88' lang='lat'><strong><em>.</em></strong></span> 
     </span>
    </p>
   </div>
   <div class='ocr_carea' id='block_1_4' title="bbox 378 1436 1861 1951">
    <p class='ocr_par' dir='ltr' id='par_1_4' title="bbox 378 1436 1861 1951">
     <span class='ocr_line' id='line_1_10' title="bbox 378 1436 1859 1526; baseline -0.003 -19"><span class='ocrx_word' id='word_1_89' title='bbox 378 1442 414 1507; x_wconf 93' lang='lat' dir='ltr'><strong><em>V.</em></strong></span> <span class='ocrx_word' id='word_1_90' title='bbox 439 1441 485 1526; x_wconf 81' lang='grc' dir='ltr'><strong><em>(ΙΙ</em></strong></span> <span class='ocrx_word' id='word_1_91' title='bbox 508 1442 552 1506; x_wconf 92' lang='grc'><strong><em>42</em></strong></span> <span class='ocrx_word' id='word_1_92' title='bbox 573 1464 603 1525; x_wconf 90' lang='lat' dir='ltr'><strong><em>p.</em></strong></span> <span class='ocrx_word' id='word_1_93' title='bbox 622 1440 674 1516; x_wconf 79' lang='lat'><strong><em>80,</em></strong></span> <span class='ocrx_word' id='word_1_94' title='bbox 693 1440 728 1525; x_wconf 85' lang='grc'><strong><em>2)</em></strong></span> <span class='ocrx_word' id='word_1_95' title='bbox 751 1438 899 1504; x_wconf 87' lang='lat' dir='ltr'><strong><em>nonnulli</em></strong></span> <span class='ocrx_word' id='word_1_96' title='bbox 921 1438 1003 1503; x_wconf 90' lang='lat' dir='ltr'><strong><em>hunc</em></strong></span> <span class='ocrx_word' id='word_1_97' title='bbox 1025 1438 1173 1503; x_wconf 81' lang='lat' dir='ltr'><strong><em>Aurorae</em></strong></span> <span class='ocrx_word' id='word_1_98' title='bbox 1196 1442 1224 1503; x_wconf 91' lang='lat' dir='ltr'><strong><em>et</em></strong></span> <span class='ocrx_word' id='word_1_99' title='bbox 1251 1436 1381 1520; x_wconf 77' lang='lat' dir='ltr'><strong><em>Cephali</em></strong></span> <span class='ocrx_word' id='word_1_100' title='bbox 1404 1438 1508 1519; x_wconf 72' lang='lat' dir='ltr'><strong><em>filiuni</em></strong></span> <span class='ocrx_word' id='word_1_101' title='bbox 1534 1438 1683 1502; x_wconf 80' lang='lat' dir='ltr'><strong><em>dicerunt</em></strong></span> <span class='ocrx_word' id='word_1_102' title='bbox 1704 1437 1859 1516; x_wconf 67' lang='lat' dir='ltr'><strong><em>psalmita-</em></strong></span> 
     </span>
     <span class='ocr_line' id='line_1_11' title="bbox 440 1545 1858 1639; baseline -0.003 -26"><span class='ocrx_word' id='word_1_103' title='bbox 440 1550 513 1613; x_wconf 88' lang='lat' dir='ltr'><strong><em>dine</em></strong></span> <span class='ocrx_word' id='word_1_104' title='bbox 538 1548 658 1639; x_wconf 51' lang='lat' dir='ltr'><strong><em>inultis·</em></strong></span> <span class='ocrx_word' id='word_1_105' title='bbox 669 1551 893 1628; x_wconf 83' lang='lat' dir='ltr'><strong><em>praestantem.</em></strong></span> <span class='ocrx_word' id='word_1_106' title='bbox 944 1568 981 1610; x_wconf 81' lang='lat' dir='ltr'><strong><em>en</em></strong></span> <span class='ocrx_word' id='word_1_107' title='bbox 1013 1568 1078 1628; x_wconf 85' lang='lat' dir='ltr'><strong><em>qua</em></strong></span> <span class='ocrx_word' id='word_1_108' title='bbox 1105 1567 1139 1610; x_wconf 89' lang='lat' dir='ltr'><strong><em>rc</em></strong></span> <span class='ocrx_word' id='word_1_109' title='bbox 1166 1546 1260 1609; x_wconf 87' lang='lat' dir='ltr'><strong><em>etiarn</em></strong></span> <span class='ocrx_word' id='word_1_110' title='bbox 1287 1566 1356 1610; x_wconf 87' lang='lat' dir='ltr'><strong><em>cunr</em></strong></span> <span class='ocrx_word' id='word_1_111' title='bbox 1389 1545 1505 1611; x_wconf 88' lang='lat' dir='ltr'><strong><em>Venere</em></strong></span> <span class='ocrx_word' id='word_1_112' title='bbox 1536 1546 1653 1610; x_wconf 88' lang='lat' dir='ltr'><strong><em>dicitnr</em></strong></span> <span class='ocrx_word' id='word_1_113' title='bbox 1679 1546 1858 1632; x_wconf 64' lang='grc'><strong>3311333131)</strong></span> 
     </span>
     <span class='ocr_line' id='line_1_12' title="bbox 438 1650 1861 1732; baseline -0.002 -13"><span class='ocrx_word' id='word_1_114' title='bbox 438 1660 474 1720; x_wconf 85' lang='grc'><strong><em>31</em></strong></span> <span class='ocrx_word' id='word_1_115' title='bbox 496 1657 591 1721; x_wconf 86' lang='lat' dir='ltr'><strong><em>etiam</em></strong></span> <span class='ocrx_word' id='word_1_116' title='bbox 613 1654 838 1720; x_wconf 75' lang='lat' dir='ltr'><strong><em>Eratosthenes</em></strong></span> <span class='ocrx_word' id='word_1_117' title='bbox 861 1653 946 1717; x_wconf 81' lang='lat' dir='ltr'><strong><em>dicit.</em></strong></span> <span class='ocrx_word' id='word_1_118' title='bbox 984 1674 1053 1717; x_wconf 85' lang='lat' dir='ltr'><strong><em>cunr</em></strong></span> <span class='ocrx_word' id='word_1_119' title='bbox 1070 1652 1129 1718; x_wconf 90' lang='lat' dir='ltr'><strong><em>hae</em></strong></span> <span class='ocrx_word' id='word_1_120' title='bbox 1147 1652 1185 1717; x_wconf 90' lang='lat' dir='ltr'><strong><em>de</em></strong></span> <span class='ocrx_word' id='word_1_121' title='bbox 1203 1673 1301 1717; x_wconf 91' lang='lat' dir='ltr'><strong><em>cansa</em></strong></span> <span class='ocrx_word' id='word_1_122' title='bbox 1326 1652 1454 1717; x_wconf 89' lang='lat' dir='ltr'><strong><em>Veneris</em></strong></span> <span class='ocrx_word' id='word_1_123' title='bbox 1472 1650 1632 1732; x_wconf 84' lang='lat' dir='ltr'><strong><em>adpellari</em></strong></span> <span class='ocrx_word' id='word_1_124' title='bbox 1654 1656 1682 1716; x_wconf 90' lang='lat' dir='ltr'><strong><em>et</em></strong></span> <span class='ocrx_word' id='word_1_125' title='bbox 1705 1653 1861 1716; x_wconf 77' lang='lat' dir='ltr'><strong><em>ueniente</em></strong></span> 
     </span>
     <span class='ocr_line' id='line_1_13' title="bbox 440 1759 1860 1843; baseline -0.003 -16"><span class='ocrx_word' id='word_1_126' title='bbox 440 1762 504 1827; x_wconf 88' lang='lat' dir='ltr'><strong><em>sole</em></strong></span> <span class='ocrx_word' id='word_1_127' title='bbox 527 1768 554 1826; x_wconf 92' lang='lat' dir='ltr'><strong><em>et</em></strong></span> <span class='ocrx_word' id='word_1_128' title='bbox 578 1762 731 1826; x_wconf 89' lang='lat' dir='ltr'><strong><em>occidente</em></strong></span> <span class='ocrx_word' id='word_1_129' title='bbox 753 1761 863 1836; x_wconf 84' lang='lat' dir='ltr'><strong><em>videri,</em></strong></span> <span class='ocrx_word' id='word_1_130' title='bbox 886 1782 997 1843; x_wconf 79' lang='lat' dir='ltr'><strong><em>quare,</em></strong></span> <span class='ocrx_word' id='word_1_131' title='bbox 1021 1765 1057 1825; x_wconf 93' lang='lat' dir='ltr'><strong><em>ut</em></strong></span> <span class='ocrx_word' id='word_1_132' title='bbox 1079 1759 1145 1825; x_wconf 85' lang='lat' dir='ltr'><strong><em>ianr</em></strong></span> <span class='ocrx_word' id='word_1_133' title='bbox 1167 1763 1240 1824; x_wconf 91' lang='lat' dir='ltr'><strong><em>ante</em></strong></span> <span class='ocrx_word' id='word_1_134' title='bbox 1259 1759 1405 1838; x_wconf 71' lang='lat' dir='ltr'><strong><em>dicineus</em></strong></span> <span class='ocrx_word' id='word_1_135' title='bbox 1430 1760 1500 1826; x_wconf 89' lang='lat' dir='ltr'><strong><em>iure</em></strong></span> <span class='ocrx_word' id='word_1_136' title='bbox 1521 1759 1604 1823; x_wconf 82' lang='lat' dir='ltr'><strong><em>hurrc</em></strong></span> <span class='ocrx_word' id='word_1_137' title='bbox 1625 1763 1654 1825; x_wconf 90' lang='lat' dir='ltr'><strong><em>ct</em></strong></span> <span class='ocrx_word' id='word_1_138' title='bbox 1676 1759 1860 1842; x_wconf 81' lang='lat' dir='ltr'><strong><em>Luciferum</em></strong></span> 
     </span>
     <span class='ocr_line' id='line_1_14' title="bbox 439 1868 893 1951; baseline -0.007 -17"><span class='ocrx_word' id='word_1_139' title='bbox 439 1875 469 1935; x_wconf 89' lang='lat' dir='ltr'><strong><em>et</em></strong></span> <span class='ocrx_word' id='word_1_140' title='bbox 491 1868 665 1951; x_wconf 79' lang='lat' dir='ltr'><strong><em>Hesperum</em></strong></span> <span class='ocrx_word' id='word_1_141' title='bbox 687 1869 893 1933; x_wconf 79' lang='lat' dir='ltr'><strong><em>nourrinutum.</em></strong></span> 
     </span>
    </p>
   </div>
   <div class='ocr_carea' id='block_1_5' title="bbox 366 1990 1861 2288">
    <p class='ocr_par' dir='ltr' id='par_1_5' title="bbox 366 1990 1861 2288">
     <span class='ocr_line' id='line_1_15' title="bbox 366 1990 1861 2081; baseline -0.003 -23"><span class='ocrx_word' id='word_1_142' title='bbox 366 1994 418 2059; x_wconf 89' lang='lat' dir='ltr'><strong><em>VI.</em></strong></span> <span class='ocrx_word' id='word_1_143' title='bbox 442 1994 488 2081; x_wconf 85' lang='lat'><strong><em>(11</em></strong></span> <span class='ocrx_word' id='word_1_144' title='bbox 514 1994 557 2059; x_wconf 88' lang='grc'><strong><em>43</em></strong></span> <span class='ocrx_word' id='word_1_145' title='bbox 585 2017 613 2078; x_wconf 89' lang='lat' dir='ltr'><strong><em>p.</em></strong></span> <span class='ocrx_word' id='word_1_146' title='bbox 638 1995 689 2070; x_wconf 88' lang='lat'><strong><em>80,</em></strong></span> <span class='ocrx_word' id='word_1_147' title='bbox 714 1993 769 2079; x_wconf 82' lang='lat'><strong><em>12)</em></strong></span> <span class='ocrx_word' id='word_1_148' title='bbox 796 1991 1020 2058; x_wconf 77' lang='lat' dir='ltr'><strong><em>Eratosthenes</em></strong></span> <span class='ocrx_word' id='word_1_149' title='bbox 1050 1992 1132 2056; x_wconf 87' lang='lat' dir='ltr'><strong><em>eninr</em></strong></span> <span class='ocrx_word' id='word_1_150' title='bbox 1159 1993 1235 2056; x_wconf 89' lang='lat' dir='ltr'><strong><em>dicit</em></strong></span> <span class='ocrx_word' id='word_1_151' title='bbox 1262 1992 1423 2057; x_wconf 80' lang='lat' dir='ltr'><strong><em>Mercurio</em></strong></span> <span class='ocrx_word' id='word_1_152' title='bbox 1450 1990 1572 2073; x_wconf 76' lang='lat' dir='ltr'><strong><em>infanti</em></strong></span> <span class='ocrx_word' id='word_1_153' title='bbox 1598 2013 1701 2072; x_wconf 74' lang='lat' dir='ltr'><strong><em>penore</em></strong></span> <span class='ocrx_word' id='word_1_154' title='bbox 1727 1991 1861 2056; x_wconf 87' lang='lat' dir='ltr'><strong><em>insciane</em></strong></span> 
     </span>
     <span class='ocr_line' id='line_1_16' title="bbox 440 2099 1861 2182; baseline -0.003 -17"><span class='ocrx_word' id='word_1_155' title='bbox 440 2101 593 2166; x_wconf 84' lang='lat' dir='ltr'><strong><em>lunonem</em></strong></span> <span class='ocrx_word' id='word_1_156' title='bbox 620 2102 741 2167; x_wconf 87' lang='lat' dir='ltr'><strong><em>dedisse</em></strong></span> <span class='ocrx_word' id='word_1_157' title='bbox 762 2099 858 2178; x_wconf 92' lang='lat' dir='ltr'><strong><em>lacte;</em></strong></span> <span class='ocrx_word' id='word_1_158' title='bbox 885 2100 939 2164; x_wconf 89' lang='lat' dir='ltr'><strong><em>sed</em></strong></span> <span class='ocrx_word' id='word_1_159' title='bbox 960 2104 1131 2182; x_wconf 80' lang='lat' dir='ltr'><strong><em>postquam</em></strong></span> <span class='ocrx_word' id='word_1_160' title='bbox 1154 2100 1295 2164; x_wconf 86' lang='lat' dir='ltr'><strong><em>rescierit</em></strong></span> <span class='ocrx_word' id='word_1_161' title='bbox 1321 2121 1390 2165; x_wconf 81' lang='lat' dir='ltr'><strong><em>curre</em></strong></span> <span class='ocrx_word' id='word_1_162' title='bbox 1412 2099 1526 2165; x_wconf 89' lang='lat' dir='ltr'><strong><em>Maiae</em></strong></span> <span class='ocrx_word' id='word_1_163' title='bbox 1553 2099 1657 2180; x_wconf 78' lang='lat' dir='ltr'><strong><em>filiurn</em></strong></span> <span class='ocrx_word' id='word_1_164' title='bbox 1678 2120 1755 2178; x_wconf 86' lang='lat' dir='ltr'><strong><em>esse,</em></strong></span> <span class='ocrx_word' id='word_1_165' title='bbox 1784 2099 1861 2162; x_wconf 90' lang='lat' dir='ltr'><strong><em>reie-</em></strong></span> 
     </span>
     <span class='ocr_line' id='line_1_17' title="bbox 439 2205 1728 2288; baseline -0.002 -15"><span class='ocrx_word' id='word_1_166' title='bbox 439 2210 516 2274; x_wconf 81' lang='lat' dir='ltr'><strong><em>cisse</em></strong></span> <span class='ocrx_word' id='word_1_167' title='bbox 538 2229 607 2274; x_wconf 90' lang='lat' dir='ltr'><strong><em>eurn</em></strong></span> <span class='ocrx_word' id='word_1_168' title='bbox 630 2232 651 2274; x_wconf 93' lang='lat' dir='ltr'><strong><em>a</em></strong></span> <span class='ocrx_word' id='word_1_169' title='bbox 673 2230 705 2274; x_wconf 91' lang='lat' dir='ltr'><strong><em>se</em></strong></span> <span class='ocrx_word' id='word_1_170' title='bbox 726 2213 756 2272; x_wconf 88' lang='lat' dir='ltr'><strong><em>et</em></strong></span> <span class='ocrx_word' id='word_1_171' title='bbox 778 2208 826 2272; x_wconf 89' lang='lat' dir='ltr'><strong><em>ita</em></strong></span> <span class='ocrx_word' id='word_1_172' title='bbox 849 2206 941 2272; x_wconf 88' lang='lat' dir='ltr'><strong><em>lactis</em></strong></span> <span class='ocrx_word' id='word_1_173' title='bbox 958 2205 1088 2288; x_wconf 71' lang='lat' dir='ltr'><strong><em>profusi</em></strong></span> <span class='ocrx_word' id='word_1_174' title='bbox 1110 2206 1306 2288; x_wconf 85' lang='lat' dir='ltr'><strong><em>splerrdorern</em></strong></span> <span class='ocrx_word' id='word_1_175' title='bbox 1328 2207 1411 2271; x_wconf 89' lang='lat' dir='ltr'><strong><em>inter</em></strong></span> <span class='ocrx_word' id='word_1_176' title='bbox 1433 2208 1541 2271; x_wconf 88' lang='lat' dir='ltr'><strong><em>sidera</em></strong></span> <span class='ocrx_word' id='word_1_177' title='bbox 1564 2207 1728 2287; x_wconf 85' lang='lat' dir='ltr'><strong><em>adparere.</em></strong></span> 
     </span>
    </p>
   </div>
   <div class='ocr_carea' id='block_1_6' title="bbox 296 2317 1869 4558">
    <p class='ocr_par' dir='ltr' id='par_1_6' title="bbox 296 2317 1865 3272">
     <span class='ocr_line' id='line_1_18' title="bbox 419 2317 1862 2417; baseline -0.003 -18"><span class='ocrx_word' id='word_1_178' title='bbox 419 2334 466 2399; x_wconf 84' lang='lat' dir='ltr'><strong><em>Ex</em></strong></span> <span class='ocrx_word' id='word_1_179' title='bbox 490 2334 538 2399; x_wconf 89' lang='lat' dir='ltr'><strong><em>his</em></strong></span> <span class='ocrx_word' id='word_1_180' title='bbox 562 2333 605 2399; x_wconf 90' lang='lat' dir='ltr'><strong><em>IV</em></strong></span> <span class='ocrx_word' id='word_1_181' title='bbox 629 2341 661 2398; x_wconf 90' lang='grc'><strong><em>31</em></strong></span> <span class='ocrx_word' id='word_1_182' title='bbox 684 2333 710 2398; x_wconf 87' lang='lat' dir='ltr'><strong><em>V</em></strong></span> <span class='ocrx_word' id='word_1_183' title='bbox 734 2333 775 2398; x_wconf 89' lang='lat' dir='ltr'><strong><em>ad</em></strong></span> <span class='ocrx_word' id='word_1_184' title='bbox 801 2332 944 2416; x_wconf 86' lang='lat' dir='ltr'><strong><em>planetas</em></strong></span> <span class='ocrx_word' id='word_1_185' title='bbox 967 2338 1108 2417; x_wconf 86' lang='lat' dir='ltr'><strong><em>spectare</em></strong></span> <span class='ocrx_word' id='word_1_186' title='bbox 1132 2332 1225 2417; x_wconf 88' lang='lat' dir='ltr'><strong><em>inque</em></strong></span> <span class='ocrx_word' id='word_1_187' title='bbox 1248 2331 1425 2396; x_wconf 88' lang='lat' dir='ltr'><strong><em>nominibus</em></strong></span> <span class='ocrx_word' id='word_1_188' title='bbox 1448 2353 1555 2396; x_wconf 90' lang='lat' dir='ltr'><strong><em>eorum</em></strong></span> <span class='ocrx_word' id='word_1_189' title='bbox 1578 2317 1770 2415; x_wconf 81' lang='lat' dir='ltr'><strong><em>explicandis</em></strong></span> <span class='ocrx_word' id='word_1_190' title='bbox 1794 2351 1862 2394; x_wconf 84' lang='lat' dir='ltr'><strong><em>ver-</em></strong></span> 
     </span>
     <span class='ocr_line' id='line_1_19' title="bbox 331 2437 1863 2523; baseline -0.003 -17"><span class='ocrx_word' id='word_1_191' title='bbox 331 2444 393 2507; x_wconf 89' lang='lat' dir='ltr'><strong><em>sari</em></strong></span> <span class='ocrx_word' id='word_1_192' title='bbox 416 2441 511 2507; x_wconf 83' lang='lat' dir='ltr'><strong><em>vides</em></strong></span> <span class='ocrx_word' id='word_1_193' title='bbox 556 2441 589 2504; x_wconf 92' lang='grc'><strong><em>13</em></strong></span> <span class='ocrx_word' id='word_1_194' title='bbox 613 2440 760 2523; x_wconf 86' lang='lat' dir='ltr'><strong><em>Epitome</em></strong></span> <span class='ocrx_word' id='word_1_195' title='bbox 787 2440 827 2506; x_wconf 90' lang='lat' dir='ltr'><strong><em>de</em></strong></span> <span class='ocrx_word' id='word_1_196' title='bbox 854 2441 965 2522; x_wconf 90' lang='lat' dir='ltr'><strong><em>quinta</em></strong></span> <span class='ocrx_word' id='word_1_197' title='bbox 991 2444 1114 2504; x_wconf 88' lang='lat' dir='ltr'><strong><em>tantum</em></strong></span> <span class='ocrx_word' id='word_1_198' title='bbox 1141 2438 1232 2504; x_wconf 88' lang='lat' dir='ltr'><strong><em>stella</em></strong></span> <span class='ocrx_word' id='word_1_199' title='bbox 1259 2438 1367 2503; x_wconf 87' lang='lat' dir='ltr'><strong><em>tabula</em></strong></span> <span class='ocrx_word' id='word_1_200' title='bbox 1394 2445 1567 2515; x_wconf 89' lang='lat' dir='ltr'><strong><em>enarratur,</em></strong></span> <span class='ocrx_word' id='word_1_201' title='bbox 1594 2445 1768 2504; x_wconf 84' lang='lat' dir='ltr'><strong><em>ceterarum</em></strong></span> <span class='ocrx_word' id='word_1_202' title='bbox 1795 2437 1863 2502; x_wconf 89' lang='lat' dir='ltr'><strong><em>sere</em></strong></span> 
     </span>
     <span class='ocr_line' id='line_1_20' title="bbox 330 2545 1863 2630; baseline -0.003 -18"><span class='ocrx_word' id='word_1_203' title='bbox 330 2549 457 2613; x_wconf 86' lang='lat' dir='ltr'><strong><em>nomina</em></strong></span> <span class='ocrx_word' id='word_1_204' title='bbox 483 2555 606 2612; x_wconf 90' lang='lat' dir='ltr'><strong><em>tantum</em></strong></span> <span class='ocrx_word' id='word_1_205' title='bbox 629 2547 815 2612; x_wconf 81' lang='lat' dir='ltr'><strong><em>indicantur.</em></strong></span> <span class='ocrx_word' id='word_1_206' title='bbox 853 2547 908 2610; x_wconf 87' lang='lat' dir='ltr'><strong><em>sed</em></strong></span> <span class='ocrx_word' id='word_1_207' title='bbox 932 2547 1075 2611; x_wconf 86' lang='grc'><strong>33313311</strong></span> <span class='ocrx_word' id='word_1_208' title='bbox 1102 2547 1141 2611; x_wconf 86' lang='grc'><strong><em>113</em></strong></span> <span class='ocrx_word' id='word_1_209' title='bbox 1165 2547 1210 2611; x_wconf 86' lang='grc'><strong><em>313</em></strong></span> <span class='ocrx_word' id='word_1_210' title='bbox 1233 2546 1316 2612; x_wconf 91' lang='grc'><strong>13131</strong></span> <span class='ocrx_word' id='word_1_211' title='bbox 1335 2547 1492 2630; x_wconf 84' lang='lat' dir='ltr'><strong><em>Hyginum</em></strong></span> <span class='ocrx_word' id='word_1_212' title='bbox 1511 2551 1544 2610; x_wconf 91' lang='lat' dir='ltr'><strong><em>ot</em></strong></span> <span class='ocrx_word' id='word_1_213' title='bbox 1563 2545 1741 2629; x_wconf 78' lang='lat' dir='ltr'><strong><em>Epitomem</em></strong></span> <span class='ocrx_word' id='word_1_214' title='bbox 1768 2545 1863 2609; x_wconf 90' lang='lat' dir='ltr'><strong><em>immo</em></strong></span> 
     </span>
     <span class='ocr_line' id='line_1_21' title="bbox 330 2652 1863 2720; baseline -0.002 0"><span class='ocrx_word' id='word_1_215' title='bbox 330 2656 383 2720; x_wconf 88' lang='grc'><strong>1113</strong></span> <span class='ocrx_word' id='word_1_216' title='bbox 411 2657 505 2719; x_wconf 88' lang='lat' dir='ltr'><strong><em>otiam</em></strong></span> <span class='ocrx_word' id='word_1_217' title='bbox 532 2654 588 2718; x_wconf 91' lang='lat' dir='ltr'><strong><em>ubi</em></strong></span> <span class='ocrx_word' id='word_1_218' title='bbox 620 2654 660 2719; x_wconf 88' lang='lat' dir='ltr'><strong><em>de</em></strong></span> <span class='ocrx_word' id='word_1_219' title='bbox 692 2655 829 2719; x_wconf 87' lang='lat' dir='ltr'><strong><em>secunda</em></strong></span> <span class='ocrx_word' id='word_1_220' title='bbox 861 2653 953 2719; x_wconf 87' lang='lat' dir='ltr'><strong><em>stella</em></strong></span> <span class='ocrx_word' id='word_1_221' title='bbox 979 2653 1075 2718; x_wconf 88' lang='lat' dir='ltr'><strong><em>verba</em></strong></span> <span class='ocrx_word' id='word_1_222' title='bbox 1105 2652 1182 2719; x_wconf 84' lang='lat' dir='ltr'><strong><em>feeit</em></strong></span> <span class='ocrx_word' id='word_1_223' title='bbox 1213 2653 1454 2719; x_wconf 82' lang='lat' dir='ltr'><strong><em>Eratosthenem</em></strong></span> <span class='ocrx_word' id='word_1_224' title='bbox 1482 2657 1711 2718; x_wconf 80' lang='lat' dir='ltr'><strong><em>eorumemorat.</em></strong></span> <span class='ocrx_word' id='word_1_225' title='bbox 1767 2653 1863 2717; x_wconf 91' lang='lat' dir='ltr'><strong><em>trium</em></strong></span> 
     </span>
     <span class='ocr_line' id='line_1_22' title="bbox 330 2760 1863 2846; baseline -0.002 -20"><span class='ocrx_word' id='word_1_226' title='bbox 330 2763 428 2846; x_wconf 89' lang='lat' dir='ltr'><strong><em>igitur</em></strong></span> <span class='ocrx_word' id='word_1_227' title='bbox 449 2762 657 2845; x_wconf 85' lang='lat' dir='ltr'><strong><em>posteriorum</em></strong></span> <span class='ocrx_word' id='word_1_228' title='bbox 679 2762 877 2845; x_wconf 86' lang='lat' dir='ltr'><strong><em>planetarum</em></strong></span> <span class='ocrx_word' id='word_1_229' title='bbox 900 2782 1008 2826; x_wconf 81' lang='lat' dir='ltr'><strong><em>causes</em></strong></span> <span class='ocrx_word' id='word_1_230' title='bbox 1030 2761 1062 2824; x_wconf 91' lang='lat' dir='ltr'><strong><em>in</em></strong></span> <span class='ocrx_word' id='word_1_231' title='bbox 1087 2760 1318 2826; x_wconf 84' lang='lat' dir='ltr'><strong><em>Catasterismis</em></strong></span> <span class='ocrx_word' id='word_1_232' title='bbox 1341 2767 1503 2825; x_wconf 85' lang='lat' dir='ltr'><strong><em>enarratas</em></strong></span> <span class='ocrx_word' id='word_1_233' title='bbox 1526 2760 1622 2826; x_wconf 86' lang='lat' dir='ltr'><strong><em>fuisse</em></strong></span> <span class='ocrx_word' id='word_1_234' title='bbox 1646 2765 1777 2836; x_wconf 82' lang='lat' dir='ltr'><strong><em>certum,</em></strong></span> <span class='ocrx_word' id='word_1_235' title='bbox 1800 2760 1863 2823; x_wconf 88' lang='lat' dir='ltr'><strong><em>ita-</em></strong></span> 
     </span>
     <span class='ocr_line' id='line_1_23' title="bbox 331 2867 1864 2953; baseline -0.001 -20"><span class='ocrx_word' id='word_1_236' title='bbox 331 2892 392 2952; x_wconf 88' lang='lat' dir='ltr'><strong><em>que</em></strong></span> <span class='ocrx_word' id='word_1_237' title='bbox 414 2869 553 2953; x_wconf 90' lang='lat' dir='ltr'><strong><em>priorum</em></strong></span> <span class='ocrx_word' id='word_1_238' title='bbox 576 2888 699 2953; x_wconf 91' lang='lat' dir='ltr'><strong><em>quoque</em></strong></span> <span class='ocrx_word' id='word_1_239' title='bbox 717 2867 850 2933; x_wconf 90' lang='lat' dir='ltr'><strong><em>duorum</em></strong></span> <span class='ocrx_word' id='word_1_240' title='bbox 868 2888 978 2932; x_wconf 85' lang='grc'><strong>333333</strong></span> <span class='ocrx_word' id='word_1_241' title='bbox 997 2889 1034 2932; x_wconf 86' lang='lat' dir='ltr'><strong><em>ex</em></strong></span> <span class='ocrx_word' id='word_1_242' title='bbox 1054 2869 1163 2933; x_wconf 90' lang='lat' dir='ltr'><strong><em>eodem</em></strong></span> <span class='ocrx_word' id='word_1_243' title='bbox 1182 2867 1268 2933; x_wconf 85' lang='lat' dir='ltr'><strong><em>tonte</em></strong></span> <span class='ocrx_word' id='word_1_244' title='bbox 1287 2868 1443 2953; x_wconf 86' lang='lat' dir='ltr'><strong><em>Hyginum</em></strong></span> <span class='ocrx_word' id='word_1_245' title='bbox 1463 2867 1602 2934; x_wconf 81' lang='lat' dir='ltr'><strong><em>hausisse</em></strong></span> <span class='ocrx_word' id='word_1_246' title='bbox 1622 2873 1864 2933; x_wconf 86' lang='lat' dir='ltr'><strong><em>cousentaneum</em></strong></span> 
     </span>
     <span class='ocr_line' id='line_1_24' title="bbox 296 2973 1865 3059; baseline -0.001 -19"><span class='ocrx_word' id='word_1_247' title='bbox 296 3044 298 3049; x_wconf 70' lang='grc'>,</span> <span class='ocrx_word' id='word_1_248' title='bbox 332 2983 387 3040; x_wconf 84' lang='grc'><strong><em>331</em></strong></span> <span class='ocrx_word' id='word_1_249' title='bbox 437 2976 553 3059; x_wconf 87' lang='lat' dir='ltr'><strong><em>Hygini</em></strong></span> <span class='ocrx_word' id='word_1_250' title='bbox 581 2976 678 3059; x_wconf 87' lang='lat' dir='ltr'><strong><em>igitur</em></strong></span> <span class='ocrx_word' id='word_1_251' title='bbox 705 2980 799 3058; x_wconf 90' lang='lat' dir='ltr'><strong><em>caput</em></strong></span> <span class='ocrx_word' id='word_1_252' title='bbox 826 2973 914 3038; x_wconf 89' lang='lat' dir='ltr'>XLII</span> <span class='ocrx_word' id='word_1_253' title='bbox 941 2979 998 3039; x_wconf 90' lang='grc'><strong><em>331</em></strong></span> <span class='ocrx_word' id='word_1_254' title='bbox 1024 2981 1126 3040; x_wconf 89' lang='grc'><strong>131313</strong></span> <span class='ocrx_word' id='word_1_255' title='bbox 1154 2980 1210 3039; x_wconf 88' lang='grc'><strong><em>331</em></strong></span> <span class='ocrx_word' id='word_1_256' title='bbox 1240 2996 1387 3058; x_wconf 84' lang='lat' dir='ltr'><strong><em>magnam</em></strong></span> <span class='ocrx_word' id='word_1_257' title='bbox 1418 2979 1541 3059; x_wconf 89' lang='lat' dir='ltr'><strong><em>partem</em></strong></span> <span class='ocrx_word' id='word_1_258' title='bbox 1568 2998 1606 3040; x_wconf 87' lang='lat' dir='ltr'><strong><em>ex</em></strong></span> <span class='ocrx_word' id='word_1_259' title='bbox 1634 2973 1865 3040; x_wconf 85' lang='lat' dir='ltr'><strong><em>Catasterismis</em></strong></span> 
     </span>
     <span class='ocr_line' id='line_1_25' title="bbox 332 3081 1865 3165; baseline -0.002 -18"><span class='ocrx_word' id='word_1_260' title='bbox 332 3081 456 3148; x_wconf 87' lang='lat' dir='ltr'><strong><em>fluxisse</em></strong></span> <span class='ocrx_word' id='word_1_261' title='bbox 484 3088 602 3159; x_wconf 87' lang='lat' dir='ltr'><strong><em>statuo,</em></strong></span> <span class='ocrx_word' id='word_1_262' title='bbox 630 3083 767 3165; x_wconf 82' lang='lat' dir='ltr'><strong><em>exeeptis</em></strong></span> <span class='ocrx_word' id='word_1_263' title='bbox 794 3086 899 3146; x_wconf 89' lang='lat' dir='ltr'><strong><em>tamen</em></strong></span> <span class='ocrx_word' id='word_1_264' title='bbox 928 3081 986 3158; x_wconf 89' lang='lat' dir='ltr'><strong><em>eis,</em></strong></span> <span class='ocrx_word' id='word_1_265' title='bbox 1017 3103 1097 3164; x_wconf 91' lang='lat' dir='ltr'><strong><em>quae</em></strong></span> <span class='ocrx_word' id='word_1_266' title='bbox 1128 3081 1162 3146; x_wconf 92' lang='grc'><strong><em>13</em></strong></span> <span class='ocrx_word' id='word_1_267' title='bbox 1190 3082 1273 3147; x_wconf 87' lang='lat' dir='ltr'><strong><em>ealce</em></strong></span> <span class='ocrx_word' id='word_1_268' title='bbox 1304 3105 1342 3148; x_wconf 87' lang='lat' dir='ltr'><strong><em>ox</em></strong></span> <span class='ocrx_word' id='word_1_269' title='bbox 1369 3081 1546 3147; x_wconf 86' lang='lat' dir='ltr'><strong><em>Euhemero</em></strong></span> <span class='ocrx_word' id='word_1_270' title='bbox 1573 3081 1741 3147; x_wconf 90' lang='lat' dir='ltr'><strong><em>adduntur.</em></strong></span> <span class='ocrx_word' id='word_1_271' title='bbox 1790 3103 1865 3145; x_wconf 91' lang='lat' dir='ltr'><strong><em>uam</em></strong></span> 
     </span>
     <span class='ocr_line' id='line_1_26' title="bbox 331 3184 1864 3272; baseline -0.001 -20"><span class='ocrx_word' id='word_1_272' title='bbox 331 3188 542 3253; x_wconf 86' lang='lat' dir='ltr'><strong><em>Euhemerum</em></strong></span> <span class='ocrx_word' id='word_1_273' title='bbox 556 3189 596 3254; x_wconf 92' lang='lat' dir='ltr'><strong><em>ab</em></strong></span> <span class='ocrx_word' id='word_1_274' title='bbox 612 3190 679 3272; x_wconf 87' lang='lat' dir='ltr'><strong><em>ipso</em></strong></span> <span class='ocrx_word' id='word_1_275' title='bbox 694 3188 818 3272; x_wconf 88' lang='lat' dir='ltr'><strong><em>Hygino</em></strong></span> <span class='ocrx_word' id='word_1_276' title='bbox 832 3189 947 3254; x_wconf 88' lang='grc'><strong>1331331</strong></span> <span class='ocrx_word' id='word_1_277' title='bbox 962 3210 1029 3253; x_wconf 89' lang='grc'><strong>3333</strong></span> <span class='ocrx_word' id='word_1_278' title='bbox 1043 3195 1153 3272; x_wconf 85' lang='lat' dir='ltr'><strong><em>postea</em></strong></span> <span class='ocrx_word' id='word_1_279' title='bbox 1167 3184 1382 3255; x_wconf 83' lang='lat' dir='ltr'><strong><em>demonstrare</em></strong></span> <span class='ocrx_word' id='word_1_280' title='bbox 1396 3190 1541 3255; x_wconf 85' lang='grc'><strong>33331131.</strong></span> <span class='ocrx_word' id='word_1_281' title='bbox 1565 3187 1602 3254; x_wconf 87' lang='lat' dir='ltr'><strong><em>cf.</em></strong></span> <span class='ocrx_word' id='word_1_282' title='bbox 1617 3188 1813 3272; x_wconf 86' lang='lat' dir='ltr'><strong><em>Epimetrum</em></strong></span> <span class='ocrx_word' id='word_1_283' title='bbox 1823 3187 1864 3251; x_wconf 91' lang='grc' dir='ltr'><strong><em>ΙΙ.</em></strong></span> 
     </span>
    </p>

    <p class='ocr_par' dir='ltr' id='par_1_7' title="bbox 331 3293 1868 4237">
     <span class='ocr_line' id='line_1_27' title="bbox 420 3293 1865 3381; baseline 0.001 -22"><span class='ocrx_word' id='word_1_284' title='bbox 420 3293 549 3359; x_wconf 79' lang='lat' dir='ltr'><strong><em>Maximi</em></strong></span> <span class='ocrx_word' id='word_1_285' title='bbox 572 3296 721 3360; x_wconf 85' lang='lat' dir='ltr'><strong><em>momenti</em></strong></span> <span class='ocrx_word' id='word_1_286' title='bbox 745 3295 842 3360; x_wconf 84' lang='lat' dir='ltr'><strong><em>rerba</em></strong></span> <span class='ocrx_word' id='word_1_287' title='bbox 864 3301 937 3360; x_wconf 88' lang='lat' dir='ltr'><strong><em>sunt</em></strong></span> <span class='ocrx_word' id='word_1_288' title='bbox 960 3317 1039 3380; x_wconf 89' lang='lat' dir='ltr'><strong><em>quae</em></strong></span> <span class='ocrx_word' id='word_1_289' title='bbox 1059 3295 1116 3360; x_wconf 90' lang='lat' dir='ltr'><strong><em>sub</em></strong></span> <span class='ocrx_word' id='word_1_290' title='bbox 1136 3295 1184 3360; x_wconf 88' lang='lat'><strong><em>111</em></strong></span> <span class='ocrx_word' id='word_1_291' title='bbox 1204 3296 1370 3380; x_wconf 85' lang='lat' dir='ltr'><strong><em>adscripsi3</em></strong></span> <span class='ocrx_word' id='word_1_292' title='bbox 1393 3318 1465 3362; x_wconf 89' lang='lat' dir='ltr'><strong><em>nam</em></strong></span> <span class='ocrx_word' id='word_1_293' title='bbox 1489 3298 1543 3381; x_wconf 91' lang='lat' dir='ltr'><strong><em>qui</em></strong></span> <span class='ocrx_word' id='word_1_294' title='bbox 1562 3296 1692 3361; x_wconf 86' lang='lat' dir='ltr'><strong><em>Cratera</em></strong></span> <span class='ocrx_word' id='word_1_295' title='bbox 1709 3318 1748 3360; x_wconf 89' lang='lat' dir='ltr'><strong><em>ex</em></strong></span> <span class='ocrx_word' id='word_1_296' title='bbox 1770 3295 1865 3360; x_wconf 87' lang='lat' dir='ltr'><strong><em>lcarii</em></strong></span> 
     </span>
     <span class='ocr_line' id='line_1_28' title="bbox 332 3401 1866 3488; baseline 0.001 -23"><span class='ocrx_word' id='word_1_297' title='bbox 332 3401 440 3466; x_wconf 86' lang='lat' dir='ltr'><strong><em>fabula</em></strong></span> <span class='ocrx_word' id='word_1_298' title='bbox 463 3402 621 3485; x_wconf 85' lang='lat' dir='ltr'><strong><em>explicuit,</em></strong></span> <span class='ocrx_word' id='word_1_299' title='bbox 644 3401 671 3467; x_wconf 87' lang='lat' dir='ltr'><strong><em>is</em></strong></span> <span class='ocrx_word' id='word_1_300' title='bbox 689 3403 810 3467; x_wconf 88' lang='lat' dir='ltr'><strong><em>Booten</em></strong></span> <span class='ocrx_word' id='word_1_301' title='bbox 832 3424 853 3466; x_wconf 90' lang='lat' dir='ltr'><strong><em>a</em></strong></span> <span class='ocrx_word' id='word_1_302' title='bbox 874 3402 1032 3467; x_wconf 85' lang='lat' dir='ltr'><strong><em>nonnullis</em></strong></span> <span class='ocrx_word' id='word_1_303' title='bbox 1054 3424 1112 3486; x_wconf 91' lang='lat' dir='ltr'><strong><em>pro</em></strong></span> <span class='ocrx_word' id='word_1_304' title='bbox 1131 3402 1242 3480; x_wconf 87' lang='grc'><strong>133113,</strong></span> <span class='ocrx_word' id='word_1_305' title='bbox 1261 3402 1422 3487; x_wconf 90' lang='lat' dir='ltr'><strong><em>Virginem</em></strong></span> <span class='ocrx_word' id='word_1_306' title='bbox 1445 3425 1502 3488; x_wconf 91' lang='lat' dir='ltr'><strong><em>pro</em></strong></span> <span class='ocrx_word' id='word_1_307' title='bbox 1522 3403 1666 3486; x_wconf 82' lang='lat' dir='ltr'><strong><em>Erigone,</em></strong></span> <span class='ocrx_word' id='word_1_308' title='bbox 1685 3402 1866 3467; x_wconf 79' lang='lat' dir='ltr'><strong><em>Caniculam</em></strong></span> 
     </span>
     <span class='ocr_line' id='line_1_29' title="bbox 331 3508 1866 3593; baseline 0.001 -21"><span class='ocrx_word' id='word_1_309' title='bbox 331 3531 389 3592; x_wconf 89' lang='lat' dir='ltr'><strong><em>pro</em></strong></span> <span class='ocrx_word' id='word_1_310' title='bbox 412 3508 521 3573; x_wconf 89' lang='lat' dir='ltr'><strong><em>Maera</em></strong></span> <span class='ocrx_word' id='word_1_311' title='bbox 548 3509 657 3573; x_wconf 90' lang='lat' dir='ltr'><strong><em>haberi</em></strong></span> <span class='ocrx_word' id='word_1_312' title='bbox 684 3510 937 3593; x_wconf 84' lang='lat' dir='ltr'><strong><em>praetermittere</em></strong></span> <span class='ocrx_word' id='word_1_313' title='bbox 964 3531 1027 3574; x_wconf 91' lang='lat' dir='ltr'><strong><em>non</em></strong></span> <span class='ocrx_word' id='word_1_314' title='bbox 1049 3511 1163 3593; x_wconf 88' lang='lat' dir='ltr'><strong><em>potuit.</em></strong></span> <span class='ocrx_word' id='word_1_315' title='bbox 1208 3510 1416 3593; x_wconf 84' lang='lat' dir='ltr'><strong><em>probabiliter</em></strong></span> <span class='ocrx_word' id='word_1_316' title='bbox 1443 3511 1541 3593; x_wconf 91' lang='lat' dir='ltr'><strong><em>igitur</em></strong></span> <span class='ocrx_word' id='word_1_317' title='bbox 1563 3511 1604 3575; x_wconf 91' lang='lat' dir='ltr'><strong><em>ad</em></strong></span> <span class='ocrx_word' id='word_1_318' title='bbox 1627 3509 1866 3574; x_wconf 79' lang='lat' dir='ltr'><strong><em>Gatasterismos</em></strong></span> 
     </span>
     <span class='ocr_line' id='line_1_30' title="bbox 332 3615 1866 3700; baseline 0 -21"><span class='ocrx_word' id='word_1_319' title='bbox 332 3616 505 3692; x_wconf 83' lang='lat' dir='ltr'><strong><em>referimus,</em></strong></span> <span class='ocrx_word' id='word_1_320' title='bbox 528 3637 609 3698; x_wconf 89' lang='grc'><strong>3333</strong></span> <span class='ocrx_word' id='word_1_321' title='bbox 627 3617 768 3699; x_wconf 88' lang='lat' dir='ltr'><strong><em>Hyginus</em></strong></span> <span class='ocrx_word' id='word_1_322' title='bbox 792 3615 822 3680; x_wconf 92' lang='lat'><strong><em>11</em></strong></span> <span class='ocrx_word' id='word_1_323' title='bbox 845 3617 865 3679; x_wconf 89' lang='grc'>4</span> <span class='ocrx_word' id='word_1_324' title='bbox 888 3639 917 3700; x_wconf 95' lang='lat' dir='ltr'><strong><em>p.</em></strong></span> <span class='ocrx_word' id='word_1_325' title='bbox 937 3616 989 3692; x_wconf 86' lang='lat'><strong><em>34,</em></strong></span> <span class='ocrx_word' id='word_1_326' title='bbox 1013 3616 1055 3679; x_wconf 81' lang='grc'><strong><em>25</em></strong></span> <span class='ocrx_word' id='word_1_327' title='bbox 1075 3654 1116 3664; x_wconf 92' lang='grc'>-</span> <span class='ocrx_word' id='word_1_328' title='bbox 1137 3618 1188 3700; x_wconf 78' lang='grc'><strong><em>38,</em></strong></span> <span class='ocrx_word' id='word_1_329' title='bbox 1212 3617 1232 3680; x_wconf 89' lang='grc'><strong><em>3</em></strong></span> <span class='ocrx_word' id='word_1_330' title='bbox 1256 3618 1294 3682; x_wconf 92' lang='lat' dir='ltr'><strong><em>de</em></strong></span> <span class='ocrx_word' id='word_1_331' title='bbox 1313 3617 1422 3694; x_wconf 90' lang='lat' dir='ltr'><strong><em>Icario,</em></strong></span> <span class='ocrx_word' id='word_1_332' title='bbox 1445 3617 1475 3681; x_wconf 88' lang='lat'><strong><em>11</em></strong></span> <span class='ocrx_word' id='word_1_333' title='bbox 1501 3617 1543 3681; x_wconf 79' lang='lat'><strong><em>25</em></strong></span> <span class='ocrx_word' id='word_1_334' title='bbox 1565 3640 1595 3700; x_wconf 89' lang='lat' dir='ltr'><strong><em>p.</em></strong></span> <span class='ocrx_word' id='word_1_335' title='bbox 1614 3618 1666 3694; x_wconf 87' lang='lat'><strong><em>68,</em></strong></span> <span class='ocrx_word' id='word_1_336' title='bbox 1691 3618 1710 3680; x_wconf 82' lang='lat'>9</span> <span class='ocrx_word' id='word_1_337' title='bbox 1734 3618 1773 3681; x_wconf 94' lang='lat' dir='ltr'><strong><em>de</em></strong></span> <span class='ocrx_word' id='word_1_338' title='bbox 1791 3617 1866 3680; x_wconf 88' lang='lat' dir='ltr'><strong><em>Eri-</em></strong></span> 
     </span>
     <span class='ocr_line' id='line_1_31' title="bbox 331 3721 1867 3808; baseline 0.001 -22"><span class='ocrx_word' id='word_1_339' title='bbox 331 3744 422 3806; x_wconf 85' lang='lat' dir='ltr'><strong><em>gona,</em></strong></span> <span class='ocrx_word' id='word_1_340' title='bbox 445 3721 476 3786; x_wconf 90' lang='lat'><strong><em>11</em></strong></span> <span class='ocrx_word' id='word_1_341' title='bbox 496 3721 538 3785; x_wconf 81' lang='lat'><strong><em>35</em></strong></span> <span class='ocrx_word' id='word_1_342' title='bbox 556 3745 585 3806; x_wconf 92' lang='lat' dir='ltr'><strong><em>p.</em></strong></span> <span class='ocrx_word' id='word_1_343' title='bbox 606 3721 657 3797; x_wconf 86' lang='grc'><strong><em>74,</em></strong></span> <span class='ocrx_word' id='word_1_344' title='bbox 676 3724 695 3787; x_wconf 94' lang='grc'><strong>6</strong></span> <span class='ocrx_word' id='word_1_345' title='bbox 715 3723 755 3787; x_wconf 90' lang='lat' dir='ltr'><strong><em>de</em></strong></span> <span class='ocrx_word' id='word_1_346' title='bbox 777 3722 872 3788; x_wconf 85' lang='lat' dir='ltr'><strong><em>Icarii</em></strong></span> <span class='ocrx_word' id='word_1_347' title='bbox 894 3743 970 3787; x_wconf 88' lang='lat' dir='ltr'><strong><em>eane</em></strong></span> <span class='ocrx_word' id='word_1_348' title='bbox 988 3729 1106 3788; x_wconf 92' lang='lat' dir='ltr'><strong><em>narrat.</em></strong></span> <span class='ocrx_word' id='word_1_349' title='bbox 1143 3729 1239 3807; x_wconf 92' lang='grc'><strong>31333</strong></span> <span class='ocrx_word' id='word_1_350' title='bbox 1257 3724 1341 3807; x_wconf 90' lang='lat' dir='ltr'><strong><em>quod</em></strong></span> <span class='ocrx_word' id='word_1_351' title='bbox 1364 3726 1456 3789; x_wconf 89' lang='lat' dir='ltr'><strong><em>modo</em></strong></span> <span class='ocrx_word' id='word_1_352' title='bbox 1475 3723 1639 3808; x_wconf 87' lang='lat' dir='ltr'><strong><em>probabile</em></strong></span> <span class='ocrx_word' id='word_1_353' title='bbox 1658 3731 1734 3801; x_wconf 89' lang='lat' dir='ltr'><strong><em>erat,</em></strong></span> <span class='ocrx_word' id='word_1_354' title='bbox 1757 3723 1867 3788; x_wconf 91' lang='lat' dir='ltr'><strong><em>statim</em></strong></span> 
     </span>
     <span class='ocr_line' id='line_1_32' title="bbox 331 3827 1868 3914; baseline -0.001 -19"><span class='ocrx_word' id='word_1_355' title='bbox 331 3837 451 3895; x_wconf 90' lang='lat' dir='ltr'><strong><em>certum</em></strong></span> <span class='ocrx_word' id='word_1_356' title='bbox 478 3827 540 3894; x_wconf 78' lang='lat' dir='ltr'><strong><em>fiet.</em></strong></span> <span class='ocrx_word' id='word_1_357' title='bbox 585 3844 657 3895; x_wconf 86' lang='lat' dir='ltr'><strong><em>nam</em></strong></span> <span class='ocrx_word' id='word_1_358' title='bbox 684 3852 765 3913; x_wconf 87' lang='lat' dir='ltr'><strong><em>quae</em></strong></span> <span class='ocrx_word' id='word_1_359' title='bbox 792 3829 825 3893; x_wconf 91' lang='lat' dir='ltr'><strong><em>in</em></strong></span> <span class='ocrx_word' id='word_1_360' title='bbox 853 3829 978 3895; x_wconf 89' lang='lat' dir='ltr'><strong><em>scholiis</em></strong></span> <span class='ocrx_word' id='word_1_361' title='bbox 1006 3831 1039 3894; x_wconf 92' lang='lat' dir='ltr'><strong><em>in</em></strong></span> <span class='ocrx_word' id='word_1_362' title='bbox 1067 3831 1199 3896; x_wconf 85' lang='lat' dir='ltr'><strong><em>iliadem</em></strong></span> <span class='ocrx_word' id='word_1_363' title='bbox 1212 3831 1530 3914; x_wconf 55' lang='grc'><strong>*333331131131129</strong></span> <span class='ocrx_word' id='word_1_364' title='bbox 1559 3830 1722 3896; x_wconf 84' lang='grc'><strong>(13133113</strong></span> <span class='ocrx_word' id='word_1_365' title='bbox 1750 3831 1868 3912; x_wconf 87' lang='lat' dir='ltr'><strong><em>legitur</em></strong></span> 
     </span>
     <span class='ocr_line' id='line_1_33' title="bbox 332 3936 1868 4022; baseline -0.001 -20"><span class='ocrx_word' id='word_1_366' title='bbox 332 3937 439 4002; x_wconf 86' lang='lat' dir='ltr'><strong><em>fabula</em></strong></span> <span class='ocrx_word' id='word_1_367' title='bbox 461 3957 649 4021; x_wconf 89' lang='lat' dir='ltr'><strong><em>quamquam</em></strong></span> <span class='ocrx_word' id='word_1_368' title='bbox 671 3937 703 4000; x_wconf 93' lang='lat' dir='ltr'><strong><em>in</em></strong></span> <span class='ocrx_word' id='word_1_369' title='bbox 729 3936 852 4001; x_wconf 87' lang='lat' dir='ltr'><strong><em>brevius</em></strong></span> <span class='ocrx_word' id='word_1_370' title='bbox 876 3943 1038 4002; x_wconf 87' lang='lat' dir='ltr'><strong><em>eontracta</em></strong></span> <span class='ocrx_word' id='word_1_371' title='bbox 1060 3943 1258 4003; x_wconf 87' lang='lat' dir='ltr'><strong><em>tamencum</em></strong></span> <span class='ocrx_word' id='word_1_372' title='bbox 1283 3939 1397 4022; x_wconf 83' lang='lat' dir='ltr'><strong><em>Hygini</em></strong></span> <span class='ocrx_word' id='word_1_373' title='bbox 1426 3939 1606 4003; x_wconf 87' lang='lat' dir='ltr'><strong><em>narratione</em></strong></span> <span class='ocrx_word' id='word_1_374' title='bbox 1633 3938 1868 4004; x_wconf 86' lang='lat' dir='ltr'><strong><em>accuratissime</em></strong></span> 
     </span>
     <span class='ocr_line' id='line_1_34' title="bbox 332 4043 1868 4131; baseline 0 -22"><span class='ocrx_word' id='word_1_375' title='bbox 332 4045 499 4119; x_wconf 82' lang='lat' dir='ltr'><strong><em>consentit3</em></strong></span> <span class='ocrx_word' id='word_1_376' title='bbox 523 4043 583 4107; x_wconf 87' lang='lat' dir='ltr'><strong><em>hoe</em></strong></span> <span class='ocrx_word' id='word_1_377' title='bbox 604 4048 691 4107; x_wconf 90' lang='grc'><strong>13313</strong></span> <span class='ocrx_word' id='word_1_378' title='bbox 713 4046 827 4108; x_wconf 87' lang='lat' dir='ltr'><strong><em>statuit</em></strong></span> <span class='ocrx_word' id='word_1_379' title='bbox 850 4043 987 4108; x_wconf 89' lang='lat' dir='ltr'><strong><em>Hillerus</em></strong></span> <span class='ocrx_word' id='word_1_380' title='bbox 1011 4043 1185 4129; x_wconf 85' lang='lat' dir='ltr'><strong><em>(Eratosth.</em></strong></span> <span class='ocrx_word' id='word_1_381' title='bbox 1209 4067 1301 4110; x_wconf 89' lang='lat' dir='ltr'><strong><em>carm.</em></strong></span> <span class='ocrx_word' id='word_1_382' title='bbox 1324 4046 1379 4110; x_wconf 90' lang='lat' dir='ltr'><strong><em>rel.</em></strong></span> <span class='ocrx_word' id='word_1_383' title='bbox 1403 4070 1432 4129; x_wconf 91' lang='lat' dir='ltr'><strong><em>p.</em></strong></span> <span class='ocrx_word' id='word_1_384' title='bbox 1456 4045 1499 4110; x_wconf 80' lang='lat'><strong><em>95</em></strong></span> <span class='ocrx_word' id='word_1_385' title='bbox 1523 4047 1568 4131; x_wconf 85' lang='grc'><strong>3.).</strong></span> <span class='ocrx_word' id='word_1_386' title='bbox 1614 4046 1704 4127; x_wconf 89' lang='grc'><strong>31331</strong></span> <span class='ocrx_word' id='word_1_387' title='bbox 1727 4045 1759 4108; x_wconf 88' lang='grc'><strong><em>13</em></strong></span> <span class='ocrx_word' id='word_1_388' title='bbox 1782 4044 1868 4109; x_wconf 89' lang='grc'><strong>111133</strong></span> 
     </span>
     <span class='ocr_line' id='line_1_35' title="bbox 331 4142 1632 4237; baseline -0.001 -21"><span class='ocrx_word' id='word_1_389' title='bbox 331 4151 440 4216; x_wconf 85' lang='lat' dir='ltr'><strong><em>scholii</em></strong></span> <span class='ocrx_word' id='word_1_390' title='bbox 464 4150 547 4215; x_wconf 87' lang='lat' dir='ltr'><strong><em>ealce</em></strong></span> <span class='ocrx_word' id='word_1_391' title='bbox 570 4150 699 4214; x_wconf 86' lang='lat' dir='ltr'><strong><em>additur</em></strong></span> <span class='ocrx_word' id='word_1_392' title='bbox 722 4147 847 4235; x_wconf 80' lang='lat' dir='ltr'><strong><em>ioropet</em></strong></span> <span class='ocrx_word' id='word_1_393' title='bbox 868 4142 1107 4237; x_wconf 74' lang='grc' dir='ltr'><em>Ἐρατοσθένης</em></span> <span class='ocrx_word' id='word_1_394' title='bbox 1130 4149 1166 4215; x_wconf 79' lang='lat' dir='ltr'><strong><em>tr</em></strong></span> <span class='ocrx_word' id='word_1_395' title='bbox 1189 4165 1259 4228; x_wconf 74' lang='grc' dir='ltr'><strong><em>τοῖς</em></strong></span> <span class='ocrx_word' id='word_1_396' title='bbox 1283 4147 1404 4217; x_wconf 76' lang='grc' dir='ltr'><em>ἑαυτοῦ</em></span> <span class='ocrx_word' id='word_1_397' title='bbox 1427 4147 1632 4236; x_wconf 79' lang='grc' dir='ltr'><strong><em>καταλόγοις.</em></strong></span> 
     </span>
    </p>

    <p class='ocr_par' dir='ltr' id='par_1_8' title="bbox 330 4255 1869 4558">
     <span class='ocr_line' id='line_1_36' title="bbox 421 4255 1869 4344; baseline 0 -23"><span class='ocrx_word' id='word_1_398' title='bbox 421 4258 508 4335; x_wconf 82' lang='lat' dir='ltr'><strong><em>Quae</em></strong></span> <span class='ocrx_word' id='word_1_399' title='bbox 526 4257 584 4321; x_wconf 90' lang='grc'><strong>3311</strong></span> <span class='ocrx_word' id='word_1_400' title='bbox 602 4255 634 4320; x_wconf 91' lang='grc' dir='ltr'><strong><em>ΙΙ</em></strong></span> <span class='ocrx_word' id='word_1_401' title='bbox 653 4258 804 4341; x_wconf 86' lang='lat' dir='ltr'><strong><em>adscripsi</em></strong></span> <span class='ocrx_word' id='word_1_402' title='bbox 824 4258 928 4335; x_wconf 85' lang='lat' dir='ltr'><strong><em>verba,</em></strong></span> <span class='ocrx_word' id='word_1_403' title='bbox 951 4258 1124 4342; x_wconf 89' lang='lat' dir='ltr'><strong><em>longiorem</em></strong></span> <span class='ocrx_word' id='word_1_404' title='bbox 1143 4259 1388 4341; x_wconf 88' lang='lat' dir='ltr'><strong><em>disputationem</em></strong></span> <span class='ocrx_word' id='word_1_405' title='bbox 1411 4260 1583 4344; x_wconf 90' lang='lat' dir='ltr'><strong><em>requirunt.</em></strong></span> <span class='ocrx_word' id='word_1_406' title='bbox 1620 4259 1695 4342; x_wconf 89' lang='lat' dir='ltr'><strong><em>quid</em></strong></span> <span class='ocrx_word' id='word_1_407' title='bbox 1715 4258 1797 4340; x_wconf 91' lang='lat' dir='ltr'><strong><em>quod</em></strong></span> <span class='ocrx_word' id='word_1_408' title='bbox 1818 4257 1869 4321; x_wconf 84' lang='lat' dir='ltr'><strong><em>vel</em></strong></span> 
     </span>
     <span class='ocr_line' id='line_1_37' title="bbox 331 4363 1867 4448; baseline -0.001 -20"><span class='ocrx_word' id='word_1_409' title='bbox 331 4363 557 4429; x_wconf 87' lang='lat' dir='ltr'><strong><em>Valckenarius</em></strong></span> <span class='ocrx_word' id='word_1_410' title='bbox 580 4369 612 4428; x_wconf 91' lang='lat' dir='ltr'><strong><em>et</em></strong></span> <span class='ocrx_word' id='word_1_411' title='bbox 630 4364 787 4448; x_wconf 89' lang='lat' dir='ltr'><strong><em>Hauptius</em></strong></span> <span class='ocrx_word' id='word_1_412' title='bbox 810 4387 890 4448; x_wconf 90' lang='lat' dir='ltr'><strong><em>quae</em></strong></span> <span class='ocrx_word' id='word_1_413' title='bbox 913 4365 978 4429; x_wconf 93' lang='lat' dir='ltr'><strong><em>illie</em></strong></span> <span class='ocrx_word' id='word_1_414' title='bbox 1002 4366 1041 4429; x_wconf 90' lang='lat' dir='ltr'><strong><em>de</em></strong></span> <span class='ocrx_word' id='word_1_415' title='bbox 1064 4365 1237 4448; x_wconf 85' lang='lat' dir='ltr'><strong><em>virginibus</em></strong></span> <span class='ocrx_word' id='word_1_416' title='bbox 1256 4366 1378 4432; x_wconf 90' lang='lat' dir='ltr'><strong><em>Lesbiis</em></strong></span> <span class='ocrx_word' id='word_1_417' title='bbox 1400 4371 1605 4432; x_wconf 88' lang='lat' dir='ltr'><strong><em>narrarentur</em></strong></span> <span class='ocrx_word' id='word_1_418' title='bbox 1628 4387 1662 4430; x_wconf 89' lang='lat' dir='ltr'><strong><em>se</em></strong></span> <span class='ocrx_word' id='word_1_419' title='bbox 1685 4364 1867 4447; x_wconf 88' lang='lat' dir='ltr'><strong><em>intellegere</em></strong></span> 
     </span>
     <span class='ocr_line' id='line_1_38' title="bbox 330 4471 1866 4558; baseline 0.002 -24"><span class='ocrx_word' id='word_1_420' title='bbox 330 4477 495 4554; x_wconf 84' lang='lat' dir='ltr'><strong><em>negarunt.</em></strong></span> <span class='ocrx_word' id='word_1_421' title='bbox 540 4471 634 4536; x_wconf 89' lang='lat' dir='ltr'><strong><em>hodie</em></strong></span> <span class='ocrx_word' id='word_1_422' title='bbox 657 4471 712 4556; x_wconf 90' lang='lat' dir='ltr'><strong><em>qui</em></strong></span> <span class='ocrx_word' id='word_1_423' title='bbox 734 4478 829 4555; x_wconf 89' lang='lat' dir='ltr'><strong><em>eaput</em></strong></span> <span class='ocrx_word' id='word_1_424' title='bbox 855 4471 934 4536; x_wconf 87' lang='lat' dir='ltr'><strong><em>illud</em></strong></span> <span class='ocrx_word' id='word_1_425' title='bbox 958 4472 1170 4557; x_wconf 91' lang='lat' dir='ltr'><strong><em>Hyginiauum</em></strong></span> <span class='ocrx_word' id='word_1_426' title='bbox 1197 4473 1346 4558; x_wconf 86' lang='lat' dir='ltr'><strong><em>perlegit,</em></strong></span> <span class='ocrx_word' id='word_1_427' title='bbox 1374 4474 1423 4539; x_wconf 89' lang='lat' dir='ltr'><strong><em>his</em></strong></span> <span class='ocrx_word' id='word_1_428' title='bbox 1445 4473 1549 4538; x_wconf 86' lang='lat' dir='ltr'><strong><em>verbis</em></strong></span> <span class='ocrx_word' id='word_1_429' title='bbox 1573 4473 1737 4538; x_wconf 89' lang='lat' dir='ltr'><strong><em>Berenices</em></strong></span> <span class='ocrx_word' id='word_1_430' title='bbox 1761 4472 1866 4537; x_wconf 90' lang='grc'><strong>333313</strong></span> 
     </span>
    </p>
   </div>
   <div class='ocr_carea' id='block_1_7' title="bbox 332 4682 1869 5026">
    <p class='ocr_par' dir='ltr' id='par_1_9' title="bbox 422 4682 632 4737">
     <span class='ocr_line' id='line_1_39' title="bbox 422 4682 632 4737; baseline 0.005 -1"><span class='ocrx_word' id='word_1_431' title='bbox 422 4683 433 4715; x_wconf 79' lang='lat'><strong><em>⁶</em></strong></span> <span class='ocrx_word' id='word_1_432' title='bbox 461 4684 511 4737; x_wconf 92' lang='lat' dir='ltr'><strong><em>hoc</em></strong></span> <span class='ocrx_word' id='word_1_433' title='bbox 530 4682 632 4737; x_wconf 88' lang='lat' dir='ltr'><strong><em>addidi.</em></strong></span> 
     </span>
    </p>

    <p class='ocr_par' dir='ltr' id='par_1_10' title="bbox 332 4687 1869 5026">
     <span class='ocr_line' id='line_1_40' title="bbox 420 4687 1868 4847; baseline -0.003 -16"><span class='ocrx_word' id='word_1_434' title='bbox 420 4687 443 4831; x_wconf 74' lang='lat' dir='ltr'><strong><em>&#39;i</em></strong></span> <span class='ocrx_word' id='word_1_435' title='bbox 459 4773 490 4826; x_wconf 92' lang='lat' dir='ltr'><strong><em>In</em></strong></span> <span class='ocrx_word' id='word_1_436' title='bbox 515 4779 672 4827; x_wconf 88' lang='grc'><strong>1133333133</strong></span> <span class='ocrx_word' id='word_1_437' title='bbox 697 4789 792 4828; x_wconf 90' lang='lat' dir='ltr'><strong><em>moneo</em></strong></span> <span class='ocrx_word' id='word_1_438' title='bbox 817 4754 874 4828; x_wconf 70' lang='lat' dir='ltr'><strong><em>hoe⁸</em></strong></span> <span class='ocrx_word' id='word_1_439' title='bbox 888 4774 1003 4828; x_wconf 87' lang='lat' dir='ltr'><strong><em>Veneris</em></strong></span> <span class='ocrx_word' id='word_1_440' title='bbox 1022 4775 1195 4845; x_wconf 86' lang='lat' dir='ltr'><strong><em>Hesperique</em></strong></span> <span class='ocrx_word' id='word_1_441' title='bbox 1214 4777 1248 4831; x_wconf 91' lang='lat' dir='ltr'><strong><em>de</em></strong></span> <span class='ocrx_word' id='word_1_442' title='bbox 1267 4775 1452 4847; x_wconf 87' lang='lat' dir='ltr'><strong><em>pulcritudine</em></strong></span> <span class='ocrx_word' id='word_1_443' title='bbox 1472 4781 1610 4830; x_wconf 83' lang='lat' dir='ltr'><strong><em>certamen</em></strong></span> <span class='ocrx_word' id='word_1_444' title='bbox 1631 4779 1868 4844; x_wconf 85' lang='lat' dir='ltr'><strong><em>repraesentatum</em></strong></span> 
     </span>
     <span class='ocr_line' id='line_1_41' title="bbox 332 4860 1869 4934; baseline 0 -17"><span class='ocrx_word' id='word_1_445' title='bbox 332 4877 392 4917; x_wconf 89' lang='grc'><strong>3333</strong></span> <span class='ocrx_word' id='word_1_446' title='bbox 411 4860 440 4915; x_wconf 91' lang='grc'><strong><em>13</em></strong></span> <span class='ocrx_word' id='word_1_447' title='bbox 458 4861 574 4930; x_wconf 87' lang='lat' dir='ltr'><strong><em>picturis</em></strong></span> <span class='ocrx_word' id='word_1_448' title='bbox 589 4860 763 4930; x_wconf 85' lang='lat' dir='ltr'><strong><em>Pompeianis</em></strong></span> <span class='ocrx_word' id='word_1_449' title='bbox 782 4864 817 4917; x_wconf 90' lang='lat' dir='ltr'><strong><em>ab</em></strong></span> <span class='ocrx_word' id='word_1_450' title='bbox 837 4862 967 4932; x_wconf 87' lang='lat' dir='ltr'><strong><em>llelbigio</em></strong></span> <span class='ocrx_word' id='word_1_451' title='bbox 986 4881 1011 4917; x_wconf 91' lang='lat' dir='ltr'><strong><em>n.</em></strong></span> <span class='ocrx_word' id='word_1_452' title='bbox 1032 4864 1183 4920; x_wconf 84' lang='grc'>964-968</span> <span class='ocrx_word' id='word_1_453' title='bbox 1202 4865 1376 4930; x_wconf 85' lang='lat' dir='ltr'><strong><em>enumeratis,</em></strong></span> <span class='ocrx_word' id='word_1_454' title='bbox 1397 4881 1511 4934; x_wconf 87' lang='lat' dir='ltr'><strong><em>quarum</em></strong></span> <span class='ocrx_word' id='word_1_455' title='bbox 1531 4881 1611 4920; x_wconf 89' lang='lat' dir='ltr'><strong><em>unam</em></strong></span> <span class='ocrx_word' id='word_1_456' title='bbox 1631 4864 1703 4918; x_wconf 89' lang='lat' dir='ltr'><strong><em>idem</em></strong></span> <span class='ocrx_word' id='word_1_457' title='bbox 1723 4861 1869 4933; x_wconf 88' lang='lat' dir='ltr'><strong><em>Helbigins</em></strong></span> 
     </span>
     <span class='ocr_line' id='line_1_42' title="bbox 332 4949 1869 5026; baseline -0.002 -17"><span class='ocrx_word' id='word_1_458' title='bbox 332 4949 524 5011; x_wconf 84' lang='lat' dir='ltr'><strong><em>delineandam</em></strong></span> <span class='ocrx_word' id='word_1_459' title='bbox 543 4950 650 5012; x_wconf 84' lang='grc'><strong>3313111</strong></span> <span class='ocrx_word' id='word_1_460' title='bbox 669 4967 693 5006; x_wconf 85' lang='grc'><strong><em>1,</em></strong></span> <span class='ocrx_word' id='word_1_461' title='bbox 713 4952 768 5009; x_wconf 86' lang='lat' dir='ltr'><strong><em>tab.</em></strong></span> <span class='ocrx_word' id='word_1_462' title='bbox 788 4952 841 5022; x_wconf 78' lang='lat' dir='ltr'><strong><em>X13</em></strong></span> <span class='ocrx_word' id='word_1_463' title='bbox 861 4953 912 5008; x_wconf 91' lang='lat' dir='ltr'><strong><em>hoc</em></strong></span> <span class='ocrx_word' id='word_1_464' title='bbox 931 4952 1036 5026; x_wconf 89' lang='lat' dir='ltr'><strong><em>primus</em></strong></span> <span class='ocrx_word' id='word_1_465' title='bbox 1055 4951 1449 5026; x_wconf 67' lang='grc'><strong><em>1313113311031313311111113)1</em></strong></span> <span class='ocrx_word' id='word_1_466' title='bbox 1468 4955 1539 5009; x_wconf 87' lang='lat' dir='ltr'><strong><em>Ball.</em></strong></span> <span class='ocrx_word' id='word_1_467' title='bbox 1559 4955 1584 5010; x_wconf 89' lang='lat' dir='ltr'><strong><em>d.</em></strong></span> <span class='ocrx_word' id='word_1_468' title='bbox 1600 4955 1666 5009; x_wconf 88' lang='lat' dir='ltr'><strong><em>lust.</em></strong></span> <span class='ocrx_word' id='word_1_469' title='bbox 1682 4954 1750 5009; x_wconf 86' lang='grc'><strong>1869</strong></span> <span class='ocrx_word' id='word_1_470' title='bbox 1764 4970 1791 5022; x_wconf 90' lang='lat' dir='ltr'><strong><em>p.</em></strong></span> <span class='ocrx_word' id='word_1_471' title='bbox 1808 4954 1869 5007; x_wconf 80' lang='grc'><strong>132.</strong></span> 
     </span>
    </p>
   </div>
   <div class='ocr_carea' id='block_1_8' title="bbox 0 0 1959 5708">
    <p class='ocr_par' dir='ltr' id='par_1_11' title="bbox 0 0 1959 5708">
     <span class='ocr_line' id='line_1_43' title="bbox 0 0 1959 5708; baseline 0 0"><span class='ocrx_word' id='word_1_472' title='bbox 0 0 1959 5708; x_wconf 95' lang='lat' dir='ltr'><strong><em> </em></strong></span> 
     </span>
    </p>
   </div>
  </div>
 </body>
</html>
