3900 5706
295 357 397 412 Senon.
417 357 510 412 Grau.
529 358 561 413 G.
580 376 606 428 p.
627 360 687 421 173,
710 358 747 412 18.
1192 358 1324 412 Haemus
1344 359 1377 421 11,
1397 360 1439 413 31.
1628 360 1689 424 177

236 536 362 603 Dicitur
392 542 498 603 autem
529 536 671 604 fabulose
698 559 718 602 a
744 536 892 621 Neptuno
991 537 1038 603 De
1068 537 1129 604 hoc
1160 538 1278 602 dicitur
1310 543 1345 602 ut
1376 560 1397 602 a
1427 537 1574 622 Neptuno
1605 538 1647 602 sit
1707 537 1844 592 XXXVI

193 645 307 710 missus
334 646 376 710 ad
399 644 558 729 Cepheum
584 651 715 730 propter
740 645 893 710 invidiam
946 644 1077 710 missum
1110 651 1146 709 ut
1177 643 1411 709 Andromedam
1447 643 1648 723 interdiceret,
1731 626 1819 682 Getae.

193 757 227 817 et
240 752 460 818 Andromedae
474 757 508 817 et
521 752 675 831 Nereidis,
688 774 769 836 quae
784 758 894 818 contra
947 753 987 817 de
1001 774 1064 837 qua
1076 757 1151 818 ante
1165 752 1313 827 diximus3
1332 752 1388 816 scd
1402 753 1486 835 quud
1500 773 1520 817 a
1532 753 1648 818 Perseo

194 856 387 944 Cassiepiam
423 860 646 925 exardescebat
682 866 814 944 propter
845 860 893 925 ni·
947 860 990 924 sit
1021 859 1236 937 interiectum,
1265 864 1397 943 propter
1429 861 1647 926 inmanitatem

167 965 289 1032 amiam
314 966 572 1051 pulcritudinem,
599 988 619 1032 a
646 968 760 1033 Perseo
787 972 893 1032 autem
947 968 1088 1050 eorporis
1111 974 1144 1033 et
1166 967 1250 1032 illius
1268 968 1419 1031 virtutem
1441 967 1525 1032 inter
1543 968 1649 1033 sidera
1674 978 1692 1031 ὁ

192 1072 401 1159 interemptus
440 1080 472 1140 et
507 1074 548 1141 cb
590 1074 651 1139 hoe
686 1075 771 1139 inter
807 1081 894 1140 astra
947 1074 1150 1141 conlocatum.

195 1180 383 1249 conlocatus

1264 1504 1313 1569 111,
1331 1505 1374 1559 30.

236 1607 343 1674 Habet
368 1615 474 1675 autem
501 1610 608 1675 stellas
636 1611 670 1673 in
697 1610 816 1675 caudae
839 1633 892 1676 ex·
991 1609 1053 1675 Sed
1074 1610 1172 1677 habet
1196 1612 1227 1674 in
1252 1617 1392 1678 extrema
1414 1614 1515 1679 cauda
1537 1614 1646 1679 stelias

193 1722 294 1782 tremo
316 1717 418 1782 claras
446 1716 538 1794 duas,
565 1738 585 1781 a
606 1718 708 1782 cauda
730 1738 828 1802 nsque
850 1720 891 1782 ad
947 1717 978 1781 11
997 1718 1155 1794 obscures,
1177 1718 1218 1782 ab
1241 1740 1279 1784 eo
1301 1720 1371 1784 Ioco
1394 1723 1551 1804 usquead
1571 1721 1645 1785 reli·

193 1823 323 1907 gibbum
346 1825 413 1888 cius
436 1844 498 1889 sex.
522 1824 581 1889 sub
600 1829 709 1890 ventre
726 1847 787 1891 sen.
811 1824 892 1891 finnt
945 1827 998 1908 qui
1022 1826 1162 1909 corporis
1182 1830 1382 1892 curvaturam
1400 1827 1437 1905 V,
1459 1828 1518 1893 sub
1536 1834 1646 1893 ventre

193 1952 301 1997 omnes
323 1930 428 1996 x1111.
945 1931 999 2009 VI,
1022 1933 1148 1997 omnino
1173 1931 1259 1999 ΧΙΙΙ.

436 2590 461 2643 p.
483 2574 543 2638 174,
561 2575 604 2628 20.

237 2682 298 2747 Hic
319 2688 426 2747 autem
452 2679 578 2760 fluvius,
605 2682 643 2747 de
665 2702 728 2763 qao
747 2681 893 2762 praefati
1265 2685 1371 2739 uncta.
1690 2682 1848 2738 mvn

192 2809 313 2869 sumus,
341 2788 382 2855 ab
405 2789 505 2854 Arato
532 2789 580 2854 cci
603 2790 679 2854 alita
703 2790 892 2872 quidusdam
1687 2771 1846 2828 Meuia.

191 2896 363 2975 Eridanus,
391 2897 503 2980 quiet
531 2896 642 2962 Padus
669 2896 796 2977 caum,
824 2919 892 2962 csse

145 3006 331 3088 aoputatur.

182 4302 274 4344 11-14
292 4303 342 4341 car.
363 4285 396 4343 G.
417 4287 533 4343 dedica
553 4285 592 4343 S„
654 4306 679 4346 13
698 4304 759 4342 sex:
779 4286 890 4340 debebat
979 4304 990 4341 ι
1010 4292 1041 4340 ut
1059 4285 1135 4341 MR:
1153 4287 1224 4355 qucd
1244 4285 1303 4340 Dc
1320 4287 1378 4340 clii,
1450 4304 1463 4342 a
1483 4285 1594 4340 missum
1613 4286 1682 4340 MR.

142 4375 278 4449 quinque.
315 4395 341 4432 rr
360 4378 453 4433 XIIII:
473 4378 584 4432 debebat
603 4378 679 4432 XIII.
944 4375 1041 4429 missus
1060 4376 1118 4429 edii.
1177 4375 1385 4430 riuterfectnm
1405 4376 1446 4429 Μ,
1467 4374 1629 4430 Interiectus
1648 4376 1682 4430 a.

942 4464 991 4519 sed
1009 4481 1021 4518 r
1039 4465 1071 4517 ia
1088 4480 1200 4518 rasura.
