3894 5708
314 345 415 400 senos.
435 345 528 399 enm.
547 344 580 399 e.
600 361 626 412 p.
648 346 706 408 135,
728 346 768 398 1a.
985 313 991 321 ’
1214 345 1346 398 neonus
1364 345 1399 408 11,
1418 346 1460 398 ar.
1647 346 1707 411 107

255 523 355 587 Porro
391 498 519 586 taurlun
551 522 633 586 inter
665 527 752 587 astra
784 524 912 606 quidam
1011 522 1071 586 Hie
1098 522 1215 586 dieitur
1242 523 1325 586 inter
1348 527 1435 587 astra
1458 543 1525 587 esso
1548 523 1665 588 consti-
1751 521 1802 575 xl
1804 522 1832 575 V·

211 634 328 713 putant
353 629 492 712 positum
519 636 649 712 propter
677 629 796 705 lovem,
828 629 912 712 qued
967 637 1063 704 tutus,
1083 630 1167 711 quod
1182 629 1341 711 Europam
1359 628 1547 694 incolumem
1560 635 1664 694 trans·
1731 612 1851 666 Taum·

211 736 245 799 in
272 735 385 800 bovem
407 737 449 799 sit
472 735 614 800 fabulose
637 756 811 799 conversus.
857 736 913 800 alii
967 736 1087 800 vexerit
1110 735 1244 813 Cretam,
1265 743 1303 800 ut
1325 735 1494 819 Euripides
1517 735 1602 800 dicit.

211 863 285 908 vero
313 862 370 924 pro
394 863 431 907 eo
454 842 538 926 quod
561 841 721 924 Europam
744 842 914 906 adduxerit

184 958 232 1013 5a
266 948 422 1014 Phoenice
457 970 515 1032 per
552 948 689 1013 medium
726 970 844 1031 aequor
880 948 913 1011 in

211 1053 334 1120 Creten.

169 1490 220 1543 10·
255 1480 402 1564 Plerique
435 1485 541 1545 autem
568 1481 672 1556 aiunt,
704 1480 815 1545 bovem
844 1501 910 1544 esse
1010 1481 1160 1545 Nonnulli
1179 1484 1277 1557 aiunt,
1299 1502 1369 1546 cum
1388 1481 1475 1545 lein
1494 1481 1605 1544 bovem
1624 1481 1710 1545 sit10

212 1587 404 1652 imitatorem
432 1565 583 1652 Ionis'et
616 1588 686 1652 ideo
714 1588 797 1652 inter
824 1594 912 1652 astra
965 1609 1127 1663 conversa,
1155 1594 1191 1651 ut
1214 1586 1336 1670 Iupiter
1362 1589 1392 1651 ei
1416 1586 1597 1652 satisfacere
1620 1587 1665 1650 vi-

211 1715 232 1757 a
254 1692 327 1759 love
349 1693 554 1759 conlocatum.
965 1694 1103 1770 deretur,
1125 1695 1209 1758 inter
1226 1693 1332 1758 sidere
1350 1694 1558 1770 constituisse,
1581 1694 1665 1776 quod

965 1801 1032 1865 eius
1055 1803 1141 1882 prior
1164 1823 1237 1883 pars
1260 1801 1413 1883 adpareat
1435 1807 1472 1864 ut
1494 1800 1587 1875 tauri,
1609 1801 1665 1864 sed

965 1906 1121 1988 reliquum
1162 1928 1274 1989 corpus
1312 1906 1476 1971 obscurius
1512 1906 1664 1970 videatur,

965 2018 1087 2095 spectat
1109 2018 1215 2078 autem
1238 2013 1279 2077 ad
1303 2019 1448 2077 exertum
1470 2012 1554 2077 solis.
1676 2023 1709 2075 15

454 2346 480 2398 p.
503 2332 561 2393 136,
582 2331 623 2383 17.

257 2436 353 2501 'l'auri
386 2457 510 2520 quoque
542 2438 642 2515 frons,
675 2460 757 2521 pecc
784 2439 912 2502 arecalco
1011 2438 1106 2503 Cuius
1138 2438 1201 2502 oris
1230 2436 1366 2520 effigiem
1395 2459 1476 2528 quae
1504 2439 1665 2502 continent
1710 2438 1858 2508 (Hyadw)

165 2544 432 2622 hononriaaotur,
466 2567 486 2609 a
517 2544 697 2628 Pherecyde
725 2545 909 2609 Atheniensi
964 2544 1228 2628 stellae-Hyades
1247 2544 1454 2627 alpellantur.
1482 2544 1540 2608 has
1560 2551 1710 2608 autcm‘20

212 2671 365 2714 mammae
389 2649 484 2715 fuisse
508 2651 656 2715 dicuntur
679 2651 786 2715 Liberi
809 2653 910 2734 patris
964 2651 1160 2733 Pherecydes
1179 2651 1381 2714 Atheniensis
1400 2650 1507 2714 Liberi
1527 2652 1664 2715 nutrices

213 2762 246 2821 ct
268 2761 397 2821 vocatae
420 2757 622 2822 Dodoniades
645 2780 786 2842 sponsae.
965 2779 1031 2822 esse
1056 2758 1251 2822 demonstrat
1275 2777 1404 2820 numero
1428 2761 1563 2838 septem,
1586 2778 1664 2840 quas

966 2866 1061 2927 etiam
1093 2871 1188 2928 antea
1215 2864 1369 2946 nymphas
1397 2863 1581 2928 Dodonidas
1608 2864 1664 2928 ad-

965 2970 1106 3052 pellatas.
1166 2971 1276 3035 harum
1311 2969 1438 3034 uomina
1469 2977 1543 3034 sunt
1575 2969 1664 3034 baec:

965 3075 1144 3151 Ambrosia,
1168 3076 1311 3151 Endera,
1333 3076 1500 3159 Phaesyle‚
1524 3075 1664 3152 Gerenia,
1674 3086 1709 3139 ‘25

964 3182 1096 3266 Polyxo,
1123 3183 1244 3259 Phan,
1272 3183 1381 3248 Dione.
1427 3183 1488 3246 hae
1516 3183 1666 3248 dicuntur

203 3449 314 3503 rPorro
329 3454 436 3502 taurum
455 3463 645 3501 -cenvcrsus
675 3454 911 3513 poseunlsaneec
1000 3449 1276 3503 XIV.Tusr1uor1a:
1297 3446 1372 3499 Sere.
1391 3447 1708 3516 Geory.1218(p.204

166 3538 206 3590 eia
220 3552 283 3597 esse,
302 3553 375 3604 quoe
392 3535 453 3588 sola
465 3535 545 3589 schol.
565 3537 654 3589 Germ.
672 3536 697 3588 G
711 3543 860 3589 servarunt
875 3538 909 3601 cf.
1231 3537 1325 3591 adnot.
1346 3537 1442 3604 Lien).

166 3625 467 3694 I'roleyerneaap.24;
484 3624 909 3690 quaesentcnh'nshridiicersi·
1000 3645 1026 3681 ro
1044 3626 1135 3679 aiunt:
1154 3625 1290 3679 autemV.
1329 3627 1357 3678 lo
1376 3643 1427 3678 om.
1447 3626 1512 3680 DV.
1610 3643 1635 3682 ro
1653 3626 1709 3679 oris

166 3715 218 3768 has
232 3713 283 3767 aab
296 3713 424 3780 Εῃὶωηιε
439 3713 587 3780 edscm'plis
607 3715 769 3780 constristari
789 3714 911 3781 riderem
964 3733 1008 3768 erre
1024 3714 1052 3767 V.
1108 3734 1133 3770 rs
1152 3722 1235 3768 alites
1254 3731 1305 3768 om.
1324 3714 1359 3768 R.
1422 3731 1449 3770 re
1469 3715 1601 3782 l'heesyle
1621 3714 1708 3767 Soter.

166 3807 197 3855 al
217 3801 248 3855 id
266 3818 375 3868 petoque
393 3803 511 3870 copitari
524 3802 708 3869 potestlonis
726 3803 852 3867 soh-alam
871 3804 911 3858 hie
965 3803 1074 3871 Phytile
1090 3804 1119 3856 V.
1149 3803 1257 3872 Ptydile
1277 3802 1312 3856 l).
1433 3822 1459 3859 rs
1478 3804 1592 3874 Polyxo:
1612 3802 1709 3856 Pulixe

166 3891 586 3956 narralomfaisacetalovem
605 3892 749 3948 inlonem,
766 3909 911 3946 conversus
968 3891 1032 3944 DV.
1067 3893 1170 3945 Phaee:
1200 3893 1303 3961 Phyeto
1334 3891 1362 3943 V.
1411 3891 1507 3946 Phicto
1531 3893 1568 3946 D.
1621 3892 1708 3946 Dione

165 3981 197 4031 in
222 3994 352 4032 conversa
376 3979 541 4031 mactandam
566 3996 627 4032 esse.
741 3998 764 4034 11
790 3981 862 4035 lonis
884 3985 909 4051 β.
965 3982 1064 4047 scripsi
1086 3981 1120 4045 cs.
1146 3979 1235 4032 Cetal.
1258 3981 1294 4044 fr.
1318 3979 1384 4032 111:
1418 3980 1504 4035 Tiene
1528 3981 1565 4034 D.
1612 3982 1708 4035 Thone

166 4065 235 4120 iuris
257 4067 288 4120 G.
362 4084 521 4138 suspensae
541 4070 558 4120 i.
579 4086 600 4123 e.
621 4064 743 4136 ripam!
971 4070 999 4122 V.
1037 4070 1150 4139 Thyone
1169 4070 1258 4138 volpe.
1296 4071 1360 4123 hae:
1381 4070 1451 4123 haec
1466 4069 1496 4121 V.
